3634 5525
953 635 996 698 4²

367 774 419 852 τὴν
430 775 486 857 γάρ
498 779 548 836 τοῦ
560 774 690 842 Λάδωνος
703 777 821 855 Δάφνην
839 781 897 839 ἐκεῖ
912 781 1073 855 μιταφῦναι
1085 776 1205 858 λέγουσι
1220 776 1267 836 καὶ
1279 772 1407 853 ποταμῦς
1419 772 1515 839 circis
1526 776 1575 852 ῥεῖ
1610 847 1617 854 ·

368 866 467 927 Λάδων
479 868 526 928 καὶ
539 867 630 945 φυτόν
642 874 758 948 τιμάται
769 871 834 948 παρ’
854 868 948 934 adroic
960 870 1076 946 δάφνης,
1090 873 1175 930 τοῦτο
1192 868 1222 930 δὲ
1234 867 1268 929 τῦ
1281 867 1343 928 ἀντὶ
1356 871 1408 944 τῆς
1420 867 1572 945 παρθένου.

369 961 541 1038 κυπαρίττων
553 987 584 1022 τε
596 961 653 1040 ῦψη
667 961 798 1042 α’μήχανα
811 962 977 1040 περιέστηκε
991 964 1085 1042 κύκλιμ
1095 961 1129 1022 τό
1143 961 1217 1039 ἱερόν
1230 960 1277 1020 καὶ
1289 958 1382 1040 πηγὰς
1395 958 1540 1019 ἐκδίδωσιν
1555 955 1576 1019 d

367 1057 458 1133 χῦρος
470 1053 612 1133 α’φθόνους
625 1081 655 1115 τε
669 1055 715 1114 καὶ
728 1053 896 1133 ἠρεμούσας,
911 1055 956 1118 uls
971 1055 1022 1116 τόν
1033 1053 1170 1116 Ἀπόλλω
1186 1053 1262 1130 φασὶ
1273 1053 1427 1130 φαίνεσθαι.
1450 1051 1577 1112 ἐνταῦθα
1663 1123 1665 1134 Α

368 1148 535 1224 κυπαρίττου
547 1172 576 1206 τι
590 1147 666 1225 ἔρνος
678 1146 697 1224 ἦ
710 1150 749 1228 γῆ
770 1146 938 1208 άναδέδωκεν
955 1148 1001 1208 tut
1022 1148 1191 1226 Κυπορίττιμ
1209 1146 1300 1222 φασὶν
1313 1144 1416 1227 ε’φήβιρ
1427 1143 1580 1224 Ἀσουρίιμ

370 1240 416 1299 καὶ
428 1242 578 1312 πιστοῦται
593 1237 644 1315 τὴν
660 1238 864 1317 μεταβολήνῆ
886 1239 944 1318 ὥρα
963 1244 1014 1300 τοῦ
1032 1243 1130 1318 φυτοῦ.
1173 1242 1254 1298 Thus
1271 1239 1390 1316 Apollo,
1413 1238 1491 1308 ‘Qui
1509 1257 1584 1296 rore

369 1351 445 1408 puro
459 1331 604 1390 Castaliae
619 1333 695 1390 lavit
712 1331 816 1392 Crines
833 1334 968 1404 solutos’,
981 1336 1008 1392 is
1025 1335 1112 1393 made
1131 1341 1163 1392 to
1182 1333 1273 1391 bathe
1290 1332 1376 1390 them
1393 1332 1427 1389 in
1440 1331 1493 1389 the
1508 1330 1582 1388 Cae

369 1424 442 1482 talia
456 1425 490 1482 ol
499 1424 628 1501 Daphne
634 1445 644 1498 3
669 1425 762 1483 scrin
775 1445 793 1482 a
806 1445 935 1502 passage,
950 1427 984 1484 of
992 1427 1091 1484 which
1106 1427 1124 1483 I
1139 1426 1203 1484 will
1215 1424 1367 1502 presently
1381 1429 1471 1500 quote
1484 1441 1582 1493 more,

370 1517 511 1576 Sozomen
525 1537 590 1594 says
606 1518 765 1577 ἐπιστεύετο
778 1516 906 1594 δὲ...ῥεῖν
922 1516 1020 1579 αύτόθι
1038 1516 1085 1578 καὶ
1102 1516 1174 1595 ῦδιορ
1189 1515 1323 1594 μαντικὸν
1338 1514 1395 1577 dard
1409 1514 1586 1578 Κασταλίας

369 1609 420 1684 τῆς
437 1611 539 1689 πηγῆς,
555 1606 657 1685 ὅμοίως
675 1611 727 1684 τῆς
746 1613 775 1671 ἐν
795 1614 924 1685 Δελφοῖς
936 1610 1073 1691 ε’νεργείας
1092 1635 1123 1671 τε
1143 1610 1191 1670 καὶ
1209 1608 1405 1689 προσηγορίας
1420 1608 1582 1686 λαχούσης.

369 1703 444 1766 And
457 1704 510 1762 the
528 1710 611 1779 story
625 1704 660 1762 of
675 1702 849 1780 Cyparissus
862 1722 924 1761 was
941 1704 1148 1781 transplanted
1167 1704 1201 1761 in
1218 1703 1272 1761 the
1290 1721 1370 1760 same
1385 1721 1450 1778 way
1462 1716 1496 1760 as
1509 1701 1585 1760 that

369 1796 404 1853 ol
420 1796 564 1874 Daphna;
590 1796 643 1854 the
665 1813 813 1872 cypressos
833 1795 901 1854 that
919 1796 1098 1873 symbolised
1114 1796 1180 1854 him
1201 1795 1291 1871 being
1309 1814 1343 1852 so
1361 1795 1445 1870 large
1463 1794 1525 1852 aud
1546 1814 1584 1852 so
1595 1820 1610 1834 τ

368 1887 482 1946 famous
496 1889 564 1946 that
577 1888 630 1946 the
643 1889 714 1946 code
728 1889 762 1945 of
769 1888 791 1946 J
792 1888 926 1946 ustinian
939 1907 1014 1947 even
1027 1887 1166 1965 specislly
1180 1892 1281 1946 enscts
1293 1885 1368 1962 they
1381 1886 1457 1944 shall
1471 1892 1527 1945 not
1541 1887 1584 1945 be

369 1980 516 2038 cntdown
529 1999 563 2038 or
576 1981 648 2039 sold.
690 1979 1049 2054 Sosomon,hist.eocleav
1060 1981 1105 2053 19,
1121 1981 1199 2038 after
1215 1978 1381 2055 describing
1394 1978 1447 2035 the
1460 1977 1584 2036 char-ms

370 2072 404 2139 0.f
421 2071 557 2148 Daphne,
578 2072 661 2130 these
681 2088 829 2147 cypressos
850 2072 909 2129 and
934 2073 1014 2130 their
1036 2073 1160 2131 rooflike
1180 2071 1281 2139 shade,
1301 2070 1355 2128 the
1377 2071 1501 2143 florere,
1524 2071 1583 2129 the

369 2168 485 2233 walens,
498 2181 566 2240 goes
585 2183 625 2221 on
642 2169 674 2221 to
691 2182 743 2238 say
757 2163 873 2222 ἐνταῦθα
892 2161 923 2221 δὲ
941 2163 1038 2227 παῖδες
1049 2162 1195 2240 Ἑλλήνων,
1214 2163 1370 2239 μυθεύουσι·
1387 2159 1507 2237 Δάφνην
1525 2161 1592 2238 τῆν’

369 2253 498 2324 Δάδωνος
515 2258 566 2314 τοῦ
581 2258 719 2333 ποταμοῦ,
735 2253 767 2324 ἐξ
784 2252 934 2331 Ἀρκαδίας
953 2254 1116 2336 φεύγουσαν
1134 2255 1304 2316 Ἀπόλλωνα
1320 2252 1372 2314 τόν
1390 2253 1521 2331 ἐραστήν,
1540 2258 1584 2320 εἷς

369 2346 516 2425 ὁμόνομον
537 2346 628 2424 φυτόν
651 2345 738 2424 αὐτὴν
760 2347 944 2424 μεταβαλεῖν·
974 2347 1025 2408 τόν
1046 2347 1077 2407 δὲ
1099 2348 1171 2424 μηδὲ
1194 2346 1279 2410 οῦτονς
1298 2345 1504 2428 ,ἀπαλλαγέντα
1525 2352 1583 2408 τοῦ

369 2440 475 2505 πάθους
492 2440 707 2518 στεφανωθῆναι
724 2444 783 2504 τοῖς
803 2439 916 2504 κλάδοις
928 2444 979 2517 τῆς
996 2441 1132 2518 ἐρωμένης
1148 2441 1195 2501 καὶ
1212 2440 1329 2518 δένδρον’
1344 2439 1435 2502 οῦσαν
1446 2442 1584 2518 περιπτύ-

369 2535 473 2605 ξασθαι
486 2535 533 2596 καὶ
545 2539 582 2616 τῇ
594 2535 748 2615 προσεδρίᾳ
759 2534 795 2596 τοὶ
808 2535 936 2612 μάλιστα
950 2539 1071 2613 τιμῆσαι
1082 2534 1116 2597 τῦ
1128 2537 1238 2614 χωρίον,
1249 2537 1325 2614 εἴπερ
1334 2561 1364 2597 τι
1375 2535 1451 2596 ἄλλο
1465 2548 1583 2617 κεχαρι-

369 2629 475 2706 σμένον
488 2631 567 2708 cirri,
611 2629 845 2706 Chryscstomin
858 2629 905 2687 his
919 2629 1033 2706 homily
1044 2649 1085 2687 on
1100 2628 1146 2687 St.
1159 2629 1289 2706 Babylas
1302 2628 1463 2688 discourses
1476 2630 1510 2688 in
1523 2631 1581 2690 the

369 2742 450 2781 same
470 2723 572 2795 strain,
587 2724 644 2783 vol
656 2724 775 2783 1155613
787 2721 839 2797 τήν
856 2720 977 2799 Δάφνην
995 2721 1080 2801 κόρην
1097 2720 1185 2783 οῦσάν
1205 2727 1281 2799 φησι
1299 2721 1345 2783 καὶ
1365 2721 1504 2803 θυγατέρα
1524 2729 1581 2785 τοῦ

369 2812 499 2876 Λάδωνος
517 2812 790 2889 ποταμοῦ...ταύτην
817 2811 866 2873 οῦν
891 2812 944 2888 τὴν
972 2812 1060 2890 κόρην
1079 2813 1221 2892 ιῦμορφον
1241 2813 1330 2875 οὖσαν
1351 2814 1418 2875 ἰδεῖν
1437 2817 1507 2876 ποτὶ
1525 2816 1581 2879 τῦν

368 2902 503 2969 Ἀπόλλω
516 2904 593 2980 φασί
599 2926 605 2963 :
626 2906 686 2963 and
696 2906 770 2966 then
779 2906 832 2964 the
840 2912 923 2982 story
933 2907 967 2965 of
975 2908 1028 2965 the
1038 2908 1123 2967 chase
1131 2909 1191 2966 and
1201 2909 1461 2986 metamorphosis:
1481 2908 1532 2969 τάν
1545 2910 1581 2972 δὲ

369 2994 528 3057 ἀκόλαστον
547 2996 669 3073 ε’ραστὴν
683 2994 860 3075 άπαιυχόντα
877 3001 933 3057 τιῦν
945 2997 1080 3058 ταιδικιῑν
1097 2999 1304 3076 περιπλακῆναί
1313 3023 1345 3059 τε
1360 3002 1400 3077 τῷ
1412 2998 1513 3079 δένδρῳ
1528 3004 1580 3064 καὶ

369 3088 568 3151 οἰκειώσασθαι
581 3089 672 3151 καὶτὸ
686 3089 775 3167 φυπῦν
783 3089 829 3149 καὶ
835 3088 884 3151 τόν
897 3089 993 3165 τόπον,
1006 3090 1301 3171 καὶπροσεδρεύειντιῦ
1310 3093 1401 3173 χωρίιρ
1408 3092 1512 3154 λοιπόν
1527 3096 1579 3155 καὶ

368 3184 452 3241 τοῦτο
465 3182 560 3261 πάσης
578 3187 629 3259 τῆς
641 3186 694 3264 γῆς
706 3182 833 3260 μάλιστα
846 3182 1026 3256 ἀσπάζεσθαι
1040 3184 1086 3243 καὶ
1099 3187 1205 3261 φιλεῖν·
1234 3185 1370 3245 κελεῦσαί
1379 3209 1411 3245 τε
1423 3186 1474 3246 τόν
1485 3187 1576 3263 βασι-

368 3275 487 3353 λεύοντα
502 3276 567 3338 τότε
580 3276 648 3339 νεῦν
663 3275 735 3355 αὐτῷ
751 3276 900 3354 δείμασθαι
916 3278 962 3337 καὶ
975 3276 1082 3355 βωμόν.
1112 3279 1241 3337 Nonnus
1256 3279 1411 3352 therefore,
1427 3296 1494 3337 xm
1504 3282 1573 3355 387,

368 3390 437 3447 may
459 3371 526 3429 well
546 3391 597 3447 say
619 3369 678 3429 Καὶ
705 3368 827 3449 θυγάτηρ
850 3368 980 3432 Λάδωνος
1006 3369 1167 3447 άειδομένου
1189 3373 1337 3447 ποταμοῖο,
1359 3369 1453 3450 Ἔργα
1477 3370 1578 3451 γάμων

369 3463 538 3543 οτνγέουσα,
547 3461 631 3540 δέμας
640 3460 813 3539 δενδριύσατο
822 3462 934 3539 νύμφης
955 3465 1127 3535 m1n210
1136 3463 1225 3523 Εἶπεν
1235 3461 1577 3542 άνυμφεύτοιοποδήνεμα

367 3553 489 3634 γούνατα
502 3554 620 3632 νύμφης,
630 3558 696 3619 Πιῦς
704 3556 772 3615 ποτὲ
780 3556 889 3632 Φοῖβον
903 3556 1011 3636 ἔφευγε,
1022 3556 1137 3633 Βορηιδι
1145 3555 1300 3633 σύνδρομος
1308 3555 1387 3635 αῦρη,
1402 3560 1471 3619 Πιῦς
1483 3556 1577 3635 διερῦν

368 3646 445 3721 παρά
464 3650 558 3724 χεῦμα
575 3648 764 3723 τιταινομένου
784 3650 923 3723 ποταμοῖο
942 3648 1101 3724 Παρθένιον
1121 3648 1196 3709 πόδα
1216 3648 1288 3725 πῆξε
1307 3648 1373 3727 παρ’
1396 3650 1583 3728 εῦρυρέεθρον’

367 3732 511 3811 Ὀρόντην,
520 3738 649 3796 Ὅπποτε
662 3740 729 3817 γαΐα
739 3740 866 3815 χανοῦσα
875 3736 941 3814 παρ’
951 3737 1065 3815 εῦύδρου
1078 3739 1174 3816 στόμα
1182 3742 1284 3817 λίμνης
1297 3742 1393 3801 Ποῖδα
1406 3741 1576 3820 διωκομένην

368 3826 521 3903 οἶκτίρμονι
539 3826 635 3896 δέξατο
649 3827 751 3907 κόλπῳ.
795 3829 943 3887 Scholiast
960 3836 992 3888 to
1008 3832 1185 3909 Lycophron
1207 3834 1224 3892 6
1246 3833 1380 3895 Λάδωνά
1399 3839 1429 3895 έν
1440 3834 1576 3917 Ἀρκαδίᾳ

368 3916 492 3994 ποταμός
505 3921 540 3997 τῇ
553 3922 591 3999 γῇ
605 3918 807 3999 συγγενόμενος
817 3919 949 4000 ἐγέννησε
961 3921 1048 3981 παῖδα
1061 3920 1176 4000 ὀνόματι
1186 3924 1307 4001 Δάφνην
1320 3930 1408 3987 κ.τ.λ
1445 3928 1484 3986 So
1495 3948 1576 3987 com·

366 4012 477 4091 pletcly
484 4032 551 4071 now
559 4012 618 4071 had
627 4014 679 4070 tha
690 4012 834 4090 daughter
845 4015 878 4072 of
884 4014 989 4073 Ladon
999 4018 1177 4093 supplanted
1187 4019 1239 4077 the
1250 4020 1396 4096 daughter
1405 4020 1439 4078 of
1446 4020 1571 4097 Peneus,

367 4107 434 4167 that
445 4106 614 4178 Pausaniae,
623 4103 666 4166 xl
680 4106 707 4178 8,
717 4126 773 4167 can
782 4124 832 4184 say
842 4106 950 4183 δάφνης
959 4106 990 4167 δὲ
999 4108 1140 4185 στέφανος
1150 4109 1197 4170 ἐπὶ
1205 4114 1261 4170 τῶν
1271 4112 1386 4172 Πυθίων
1394 4115 1431 4190 τῇ
1440 4112 1504 4191 νίκη
1513 4114 1574 4175 κατ’

366 4196 441 4259 ἄλλο
462 4197 515 4274 μὲν
536 4195 598 4274 ἐμοὶ
618 4196 708 4258 δοκεῖν
727 4197 804 4258 ἐστὶν
823 4197 909 4274 ούδέν,
925 4198 969 4261 ὅτι
984 4199 1014 4259 δὲ
1031 4204 1082 4277 τῆς
1102 4201 1232 4265 Λάδωνος
1251 4202 1388 4283 θυγατρός
1403 4203 1573 4267 Ἀπόλλωνα

366 4291 520 4367 ἐρασθῆναι
533 4289 705 4370 κατέσχηκεν
717 4289 736 4367 ἡ
751 4289 840 4367 φήμη.
884 4294 951 4353 Nor
964 4314 1024 4355 was
1037 4296 1090 4353 she
1102 4296 1159 4354 loss
1169 4297 1280 4355 known
1291 4303 1323 4355 to
1337 4298 1428 4355 Latin
1438 4298 1570 4361 writers:

367 4383 730 4461 ServiusVirg.ecl.11163
754 4384 884 4445 ‘Scimus
902 4393 935 4445 et
953 4387 1103 4465 Daphnen
1124 4389 1254 4448 Ladonis
1269 4391 1402 4449 fluminis
1422 4392 1571 4455 Arcadiae
1602 4382 1611 4393 ’

365 4477 458 4545 filiam
472 4477 611 4535 dilectam
624 4478 661 4535 ab
674 4477 817 4554 Apolline
831 4485 862 4539 ct
876 4480 984 4539 Terrae
1001 4481 1190 4540 miseratione
1203 4482 1237 4539 in
1249 4482 1368 4541 laurum
1381 4502 1570 4549 conversam:

365 4569 590 4628 id.Aen.11513
606 4570 750 4647 ‘Daphne
764 4571 827 4629 filia
842 4571 972 4631 Ladonis
989 4573 1076 4630 fluuii
1089 4573 1237 4632 Arcadiae
1254 4580 1285 4634 et
1299 4576 1407 4634 Terrae
1420 4577 1481 4635 fuit
1497 4585 1569 4642 cet:

365 4662 436 4727 ibid,
448 4661 506 4721 680
520 4662 557 4721 h'e
570 4663 639 4721 tells
651 4663 705 4721 the
718 4669 800 4740 story
813 4664 847 4723 cf
858 4664 1038 4743 Cyparissus,
1054 4665 1121 4725 how
1135 4665 1255 4725 ‘relicta
1269 4666 1358 4727 Creta
1371 4669 1410 4727 ad
1424 4668 1569 4734 Orontem
