3634 5525
997 655 1020 716 4

490 799 526 864 hi
545 799 664 885 Tityon
686 820 790 886 poena
814 807 958 863 strauere
981 798 1016 861 in
1040 797 1151 882 iugera
1173 795 1305 862 foedum

442 903 447 914 '
490 901 788 984 †sollieitant†,illi
813 910 848 968 te
872 902 1000 978 eircum,
1025 902 1170 977 Tantale,
1195 922 1292 985 poma
1313 896 1316 902 ’
1345 947 1349 952 ‚

492 1007 730 1090 sollicitamque
752 1005 826 1070 siti:
854 1004 970 1080 Minos,
991 1012 1123 1088 tuaque,
1146 1004 1262 1080 Aeaee,
1287 1004 1323 1068 in
1345 1005 1471 1069 umbris

388 1157 391 1164 ι
491 1109 564 1173 iura
586 1116 706 1172 canunt
730 1107 882 1191 idemque
907 1113 1016 1170 rotant
1040 1105 1163 1169 Ixionis
1187 1106 1306 1170 orbem

490 1209 643 1294 quicquid
667 1217 701 1273 et
724 1209 860 1272 interius
883 1207 956 1272 falsi
980 1206 1041 1271 sibi
1065 1206 1191 1270 conseia
1213 1214 1315 1271 terret

492 1432 552 1475 nee
575 1420 622 1482 tu.
646 1420 741 1488 terra,
767 1412 863 1476 satis:
890 1411 1096 1495 speculantur
1119 1412 1255 1475 numina
1277 1411 1389 1475 divum
1574 1415 1613 1492 85

491 1537 550 1578 nee
570 1524 722 1580 metuunt
747 1516 854 1579 oculos
879 1515 984 1579 alieno
1008 1515 1179 1579 admittere
1204 1515 1302 1579 eaelo.

492 1625 612 1681 norunt
635 1619 720 1682 bella
743 1618 850 1695 deum,
875 1626 995 1681 norunt
1018 1616 1205 1681 abscondita
1228 1616 1320 1681 nobis

492 1717 641 1802 coniugia
667 1725 700 1781 et
724 1717 805 1782 falsa
829 1718 979 1802 quotiens
1002 1719 1063 1782 sub
1087 1719 1228 1802 imagine
1251 1727 1370 1803 peccet,

490 1829 604 1887 taurus
627 1823 662 1886 in
685 1824 845 1909 Europen,
870 1825 906 1886 in
929 1824 1072 1888 Laedam
1095 1823 1250 1888 candidus
1274 1824 1340 1888 ales

491 1924 648 2009 Iuppiter,
672 1934 711 1989 ut
734 1927 868 1990 Danaae
891 1926 1050 2010 pretiosus
1074 1926 1205 2015 fluxerit
1228 1926 1342 1990 imber.

489 2025 601 2090 debita
623 2026 818 2092 carminibus
840 2028 973 2092 libertos
997 2027 1080 2106 ista;
1105 2027 1162 2092 sed
1186 2027 1291 2092 omnis

491 2125 526 2191 in
549 2150 625 2192 uero
649 2128 730 2191 mihi
752 2150 846 2193 eura:
871 2151 986 2193 canam
1010 2151 1074 2213 quo
1098 2129 1223 2194 feruida
1246 2138 1337 2193 motu

491 2237 618 2295 aestuet
640 2230 750 2294 Aetna
772 2252 937 2314 nouosque
961 2252 1061 2315 rapax
1084 2231 1146 2296 sibi
1170 2240 1320 2316 congerat
1343 2232 1441 2315 ignes

575 2353 779 2416 quacumque
803 2331 969 2395 inmensus
993 2354 1027 2396 se
1050 2340 1156 2397 terrae
1179 2334 1314 2418 porrigit
1336 2334 1422 2397 orbis

491 2435 691 2520 extremique
714 2435 811 2499 maris
835 2435 943 2499 curuis
965 2435 1141 2520 incingitur
1162 2437 1266 2513 undis,
1571 2454 1614 2522 95

490 2562 555 2604 non
579 2547 686 2604 toturn
709 2548 743 2604 et
767 2538 956 2618 solidumst3
976 2538 1057 2602 defit
1079 2561 1220 2623 namque
1244 2539 1348 2603 omnis
1371 2539 1476 2620 hiatu,
1517 2613 1520 2617 ¹

490 2655 577 2711 secta
599 2655 648 2711 est
670 2647 774 2711 omnis
795 2647 915 2709 humus
937 2645 1132 2729 penitusque
1155 2653 1270 2709 cauata
1293 2645 1425 2709 latebris

489 2751 587 2815 exiles
610 2773 764 2836 suspensa
785 2751 855 2815 uias
877 2751 946 2834 agit
957 2775 966 2829 3
987 2757 1089 2834 utque
1113 2750 1274 2815 animanti

489 2872 547 2935 per
568 2860 639 2915 tota
660 2860 802 2916 errantes
823 2858 1015 2935 percurrunt
1037 2873 1167 2935 corpora
1187 2874 1292 2916 uenae

399 3024 400 3028 Ἰ
489 2954 530 3017 ad
552 2955 664 3031 uitam,
690 2956 819 3040 sanguis
841 2954 946 3020 omnis
968 2977 1033 3040 qua
1055 2963 1215 3020 commeat
1236 2956 1331 3030 idem,
1418 3000 1421 3003 -
1550 2975 1618 3022 100

485 3064 572 3121 terra
592 3058 799 3142 uoraginibus
822 3065 992 3143 conceptas
1014 3058 1133 3143 digerit
1155 3081 1257 3125 auras.

488 3160 608 3224 seilicet
630 3171 687 3226 aut
709 3162 786 3226 olim
806 3162 913 3226 diuiso
936 3184 1065 3247 corpore
1087 3162 1202 3226 mundi

487 3264 522 3327 in
543 3264 646 3329 maria
667 3288 704 3331 ac
725 3274 827 3331 terras
850 3273 883 3330 et
906 3265 1019 3342 sidera,
1042 3288 1109 3330 sors
1130 3266 1209 3330 data
1229 3266 1316 3329 eaelo

485 3365 597 3452 prima,
621 3378 731 3434 secuta
752 3368 857 3447 maris,
882 3368 1072 3452 deseditque
1095 3367 1208 3431 infima
1228 3366 1335 3441 tellus,

485 3468 542 3532 sed
563 3471 656 3535 tortis
678 3472 796 3535 rimosa
815 3472 922 3550 cauis3
944 3478 978 3535 et
1000 3470 1104 3555 qualis
1126 3492 1262 3534 aeeruus

485 3571 577 3636 exilit
600 3573 766 3657 inparibus
787 3574 880 3637 iactis
902 3595 943 3637 ex
964 3580 1111 3656 tempore
1133 3572 1227 3646 saxis,

485 3679 523 3735 ut
545 3673 654 3737 erebro
676 3675 831 3737 introrsus
854 3674 959 3758 spatio
981 3680 1120 3736 uacuata
1143 3671 1312 3756 charybdis

483 3774 625 3858 pendeat
646 3776 682 3839 in
704 3798 781 3853 sese,
805 3777 903 3841 simili
927 3799 1055 3861 quoque
1077 3784 1164 3841 terra
1185 3777 1289 3860 figura
1311 3783 1360 3839 est

338 3996 343 4009 ⁸
396 4004 451 4053 Ed.
484 4018 634 4056 remmam.
717 4012 748 4062 77
764 4009 949 4061 uiderunteo.
982 4008 1129 4060 tuieerunt.
1216 4011 1249 4059 80
1265 3990 1348 4058 Hiio
1415 4008 1445 4055 81
1463 4010 1613 4068 pomtEd.

396 4093 541 4143 poenaee.
624 4085 656 4132 82
673 4099 799 4147 aeoccpu.
873 4087 906 4135 84
923 4086 1178 4149 sibieonseiaots'.
1210 4082 1416 4149 consortium«.
1450 4085 1614 4137 torretEd:

398 4165 619 4213 ardobertum.
652 4165 813 4215 torrenten.
858 4163 992 4225 terrats'.
1090 4167 1122 4215 85
1139 4166 1315 4215 Neetnterra
1331 4180 1356 4212 α.
1390 4161 1444 4210 Neo
1455 4163 1486 4209 ut
1497 4162 1570 4209 terra
1582 4162 1611 4213 δ.

397 4242 635 4307 Haeeutuerapc.
669 4242 877 4304 Nonutterrat.
914 4244 972 4293 Non
983 4245 1022 4292 ost
1034 4245 1101 4293 terra
1111 4242 1136 4294 s*
1136 4277 1143 4293 .
1210 4244 1242 4292 86
1258 4243 1362 4290 metunt
1374 4258 1399 4290 a.
1466 4241 1498 4288 88
1515 4246 1612 4301 peccet

394 4321 451 4369 Ed.
483 4320 651 4381 peccentuo.
733 4320 765 4368 90
782 4335 820 4368 om
830 4336 873 4387 γε.
916 4320 1035 4369 denseo.
1095 4321 1149 4369 ’93
1167 4319 1264 4369 aethna
1275 4335 1300 4367 a.
1383 4317 1415 4366 et
1431 4315 1612 4376 incingituro,

394 4398 483 4444 Aldus.
516 4395 565 4445 hae
576 4395 655 4459 igitur
666 4392 690 4445 δ.
723 4392 766 4444 hie
784 4396 920 4462 egiturqs.
954 4396 1093 4457 agitabitur
1103 4396 1125 4455 ζ.
1159 4396 1270 4457 agitatur
1281 4392 1313 4441 ab
1325 4391 1351 4442 5
1350 4426 1358 4441 .
1448 4392 1481 4441 96
1497 4393 1523 4439 et
1542 4392 1610 4442 soli-

395 4470 547 4522 dumstEd.
581 4474 607 4521 et
619 4471 700 4521 solido
712 4488 737 4521 α.
782 4474 808 4521 et
820 4473 932 4522 solidum
943 4491 971 4522 e.
1016 4472 1170 4531 doflttcorr
1182 4470 1214 4522 ς.
1256 4469 1428 4532 desuntupr.
1463 4466 1561 4516 desinit
1579 4468 1609 4520 ὃ.

394 4548 425 4597 97
443 4546 495 4607 egit
512 4550 593 4608 utque
605 4548 630 4597 5
632 4583 637 4595 .
682 4548 794 4613 agiturq:
812 4547 872 4599 ας.
917 4546 1134 4613 αςῆίηᾳιιογδι.
1218 4547 1266 4594 100
1282 4541 1496 4606 οοωωοα8γῐς.
1541 4557 1610 4596 cum

393 4624 499 4675 meatu.
532 4622 686 4674 comestis.
741 4664 745 4673 e
787 4626 833 4673 105
851 4624 964 4675 tortisa.
997 4624 1060 4673 totis
1071 4642 1099 4673 o.
1182 4623 1230 4674 107
1246 4619 1384 4690 erobpere.
1417 4620 1527 4668 narnate
1550 4619 1604 4679 ις,

393 4704 575 4763 uaoataotao.
602 4704 717 4770 ωηγδε.
746 4706 876 4757 charibdis
887 4724 915 4757 a.
946 4705 1059 4770 οηιγδι.
1093 4705 1290 4769 corymbosts'.
1341 4703 1607 4766 108figuraostEd.
