3634 5525
986 665 1008 730 6

480 842 578 920 atque
599 831 699 898 oeulis
720 832 858 896 haesura
878 829 946 895 tuis
967 827 1059 893 <labit
1084 827 1195 892 ordine
1217 826 1336 890 tellus:

479 938 641 1003 inmensos
663 937 854 1023 plerumque
877 935 967 997 sinus
990 942 1024 997 et
1046 932 1158 1017 iugera
1180 953 1311 1017 pessum

480 1039 660 1123 intercepta
680 1037 756 1101 licet
776 1037 959 1118 densaeque
981 1033 1168 1098 abscondita
1190 1033 1277 1097 nocti

475 1148 700 1226 prospectare:
723 1139 834 1224 procul
856 1138 952 1202 chaos
972 1160 1010 1202 ac
1029 1137 1100 1202 sine
1119 1137 1184 1201 fine
1203 1135 1338 1200 ruinast.

478 1244 582 1308 cernis
604 1251 637 1306 et
659 1243 694 1305 in
716 1242 806 1305 siluis
829 1241 970 1325 spatiosa
992 1237 1111 1303 cubilia
1132 1246 1219 1302 retro

481 1353 640 1427 antraque
664 1343 825 1406 demersas
849 1343 981 1427 penitus
1006 1341 1124 1406 fodisse
1147 1340 1296 1405 latebras.

479 1448 678 1533 incomperta
701 1446 757 1511 uia
779 1454 827 1511 est
851 1468 1004 1531 operum:
1031 1453 1162 1510 tantum
1186 1443 1290 1509 effluit
1314 1443 1401 1508 intra

479 1658 670 1736 argumenta
691 1651 817 1714 dabunt
839 1649 943 1734 ignoti
964 1671 1044 1714 uera
1063 1648 1223 1735 profundi

480 1765 518 1820 tu
541 1755 636 1818 modo
660 1754 795 1818 subtiles
818 1753 927 1817 animo
951 1752 1032 1818 duce
1056 1752 1186 1838 percipe
1210 1771 1304 1816 ouras

481 1859 702 1942 occultamque
724 1857 823 1922 fidem
846 1856 1028 1921 manifestis
1051 1857 1202 1920 abstrahe
1225 1855 1329 1918 rebus.

480 1981 557 2022 nam
580 1981 644 2044 quo
667 1959 797 2024 liberior
819 1981 949 2044 quoque
973 1966 1023 2023 est
1045 1956 1218 2022 animosior
1241 1954 1324 2040 ignis

479 2084 605 2146 semper
625 2063 660 2126 in
683 2063 814 2141 incluso,
838 2085 898 2127 nec
922 2063 1030 2126 uentis
1053 2061 1181 2146 segnior
1202 2059 1252 2123 ira
1275 2067 1324 2122 est

481 2162 540 2226 sub
563 2172 649 2227 terra
668 2164 864 2248 penitusque
887 2172 1023 2229 mouent
1045 2163 1100 2227 hic
1123 2163 1226 2248 plura,
1252 2181 1381 2224 nec-esse
1405 2167 1455 2224 est

478 2263 586 2328 uincla
609 2265 712 2350 magis
735 2265 871 2342 soluent,
896 2266 999 2350 magis
1022 2265 1083 2332 hoc
1107 2263 1269 2329 obstantia
1291 2261 1423 2348 pellant.

480 2389 539 2432 neo
562 2376 673 2432 tamen
695 2369 730 2432 in
753 2369 872 2454 rigidos
896 2370 965 2434 exit
988 2377 1141 2434 contenta
1163 2368 1290 2431 canales
1544 2382 1605 2447 150

480 2471 531 2535 uis
553 2472 680 2537 animae
702 2473 915 2537 flammaeue:
941 2474 1008 2538 ruit
1033 2496 1099 2559 qua
1121 2471 1268 2558 proxima
1290 2469 1410 2534 cedunt

481 2575 712 2662 obliquumque
735 2587 909 2664 secatque
933 2579 1006 2642 uisa
1026 2578 1201 2643 tenerrima
1223 2599 1329 2640 massa
1355 2583 1412 2639 est.

481 2678 557 2742 hine
580 2687 684 2745 terrae
707 2691 837 2759 tremor,
862 2683 938 2747 hinc
961 2690 1079 2761 motus,
1103 2682 1161 2746 ubi
1185 2681 1302 2744 densus
1325 2679 1454 2742 hiantes

480 2781 611 2864 spiritus
635 2786 778 2868 exagitat
801 2808 901 2850 uenas
923 2789 1143 2871 cessantiaque
1167 2794 1271 2871 urget.

481 2883 568 2966 quod
589 2883 617 2947 si
638 2886 740 2969 spissa
761 2887 851 2965 foret,
875 2889 975 2953 solido
997 2889 1023 2953 si
1045 2898 1146 2955 staret
1167 2890 1202 2953 in
1225 2887 1321 2962 omni,
1541 2902 1600 2966 155

480 2986 571 3049 nulla
592 2986 684 3054 daret
705 2991 852 3056 miranda
874 2992 924 3055 sui
946 2995 1130 3077 spectacula
1153 2994 1258 3069 tellus,

480 3089 635 3176 pigraque
659 3095 750 3158 etin
773 3096 899 3180 pondus
925 3098 1067 3163 conferta
1091 3096 1266 3162 immobilis
1290 3101 1383 3158 esset.

567 3194 624 3260 sed
647 3198 782 3263 summis
806 3199 834 3264 si
857 3200 939 3265 forte
963 3210 1058 3287 putas
1081 3220 1280 3266 concrescere
1304 3194 1407 3260 causis

479 3304 609 3362 tentum
632 3322 712 3385 opus
734 3310 768 3367 et
790 3304 905 3369 subitis
927 3305 1120 3371 alimentum
1141 3304 1274 3379 uiribus,
1299 3323 1354 3364 ora

480 3399 566 3483 quod
588 3403 702 3486 patula
721 3403 756 3467 in
778 3416 932 3490 promptu
954 3408 1058 3471 cernis
1082 3416 1255 3488 uastosque
1277 3420 1427 3476 recessus,
1538 3398 1603 3461 160

391 3574 487 3625 eleusis
498 3596 525 3627 ω.
590 3581 882 3645 1371nmensose15'.
915 3585 1069 3635 Inmensum
1080 3602 1108 3633 ο.
1176 3580 1356 3647 mepceqim.
1389 3577 1602 3644 Inifflpfssfl·

391 3648 464 3698 Inter
474 3655 615 3718 cartapet-
648 3656 870 3724 lieetpswuyer.
903 3661 1041 3721 legatae„
1066 3657 1233 3723 densaquep.
1267 3657 1341 3703 nocte
1353 3655 1379 3721 β.
1446 3657 1494 3706 139
1510 3657 1603 3718 P10⁰¹11

390 3726 472 3792 οηιβε
489 3731 594 3778 uastum
610 3732 757 3793 inmersis.
806 3734 908 3785 ruineet
919 3737 974 3783 Ed.
1023 3731 1390 3798 ruinae(s.e.ruine.e·lw·
1440 3732 1601 3795 mimim-

388 3801 497 3867 ruinast)
511 3802 537 3869 β.
603 3806 651 3855 140
668 3808 817 3876 ερα1ίοεαβ,
854 3810 1052 3873 spatioquesea
1109 3811 1156 3858 141
1168 3809 1297 3857 demersas
1308 3807 1413 3869 penitus
1425 3805 1451 3872 β.
1485 3808 1603 3859 demissa

387 3877 559 3938 pedibusue.
602 3882 713 3933 latebras
725 3884 751 3951 β.
800 3886 972 3937 latebrisao.
1022 3886 1146 3935 demersis
1158 3884 1262 3948 penitus
1273 3884 1370 3932 sedisse
1382 3883 1488 3933 latebris
1502 3888 1601 3935 Werm-

388 3955 449 4017 dors
461 3959 525 4018 conj.
592 3959 639 4009 142
657 3974 826 4021 operumeo.
863 3962 916 4011 aeri
928 3962 953 4029 β.
987 3962 1069 4012 effluit
1080 3962 1211 4013 intrans.
1240 3960 1473 4022 influitintrets‘.
1510 3963 1602 4024 effugit

387 4030 455 4079 ultre
466 4030 492 4097 β.
525 4035 592 4083 Ao.
609 4050 683 4084 seems
702 4039 749 4085 lost
767 4040 831 4087 here.
931 4039 978 4089 145
995 4039 1116 4090 abstrahe
1131 4039 1243 4106 αβγεῖ.
1277 4036 1409 4087 astrue-‘5-
1504 4039 1552 4089 147
1569 4039 1602 4086 in

386 4108 524 4175 inclusofl.
552 4110 697 4181 ininclusps
715 4131 741 4163 e.
774 4113 804 4164 in
814 4114 922 4164 inclusis
933 4134 960 4167 a.
1062 4117 1110 4166 148
1126 4117 1170 4166 hic
1186 4117 1335 4179 plurem.
1368 4113 1417 4163 boe
1428 4114 1505 4176 plura
1515 4114 1599 4181 αβω.

385 4192 600 4256 hneopluretS'.
690 4198 737 4247 150
753 4198 910 4260 rigidoseo.
943 4201 1015 4251 riuos
1028 4201 1054 4268 β.
1143 4203 1190 4251 151
1207 4197 1457 4267 flammaeueruitp.
1490 4198 1601 4249 flemma

386 4272 504 4322 uenite.
538 4274 646 4323 flamma
664 4273 785 4325 neuritss.
834 4278 941 4328 flamme
951 4280 1059 4344 uritpe
1109 4278 1215 4328 flemme
1234 4274 1395 4336 euertitzs‘.
1445 4288 1497 4336 que
1514 4275 1599 4341 βζς.

387 4347 515 4417 quaeq«.
569 4350 810 4414 152quauiseec.
843 4354 1042 4421 quaeeausafl?
1074 4356 1276 4404 messeestEd.
1305 4353 1446 4401 causseest
1458 4350 1491 4416 βῖ
1518 4367 1600 4403 causa

299 4472 303 4477 .
387 4428 489 4476 osteo.
589 4429 636 4479 153
652 4427 756 4477 hiantes
767 4427 794 4494 β.
826 4428 969 4497 hiatuepe.
1002 4431 1078 4480 hiatu
1089 4448 1142 4481 ee.
1242 4430 1289 4479 155
1306 4428 1387 4477 solido
1406 4427 1429 4476 si
1449 4429 1528 4477 staret
1543 4428 1597 4495 αβ.

388 4501 483 4589 solidos
502 4502 665 4569 instaretqe.
716 4506 860 4568 solidosque
879 4508 989 4558 instaret
1001 4505 1023 4557 5.
1067 4506 1199 4568 solidoque
1216 4503 1392 4564 instaretts'.
1442 4503 1555 4553 inomni
1567 4505 1595 4572 β.

387 4578 488 4625 mamni
498 4596 524 4628 a.
568 4580 712 4631 immanis.
757 4582 830 4632 inani
845 4600 873 4631 ω.
973 4585 1021 4633 157
1038 4583 1153 4645 conferta
1163 4581 1305 4630 immobilis
1316 4579 1341 4646 β.
1386 4580 1484 4629 confert
1501 4580 1595 4632 immo-

387 4652 447 4703 bilis
464 4671 490 4703 o.
523 4656 658 4705 confertim
678 4659 781 4707 mobilis
798 4658 863 4724 γδε,
897 4659 1035 4708 confestim
1053 4658 1223 4719 mobiliets'.
1323 4659 1370 4707 158
1387 4672 1547 4708 concrescere
1566 4660 1591 4727 β,

388 4731 607 4782 concredereaS'.
641 4736 792 4795 congredere
803 4754 831 4784 ω.
910 4737 958 4787 159
975 4735 1104 4802 snbitiefl.
1149 4736 1324 4786 summisso.
1358 4748 1403 4783 ore
1416 4733 1441 4799 β.
1476 4735 1593 4791 orienes.
