3634 5525
789 669 827 732 Ι9

290 817 406 901 quippe
430 815 513 880 nihil
537 823 676 890 reuocat,
702 812 808 878 curuis
832 812 916 876 nihil
942 811 1072 896 ignibus
1094 812 1211 886 obstat,

291 920 377 983 nulla
400 927 492 984 tenet
516 920 636 983 frustra
659 918 777 982 moles:
804 917 901 982 simul
927 916 1037 981 omnia
1063 924 1218 1002 pugnant.

290 1045 373 1086 nunc
395 1023 498 1087 siluae
522 1044 682 1106 rupesque
706 1030 816 1086 rotant
842 1021 922 1085 haec
945 1022 1020 1098 tela,
1044 1021 1212 1105 solumque

291 1125 394 1210 ipsum
416 1125 545 1189 adiutat
570 1146 645 1209 opes
668 1123 842 1208 facilesque
867 1123 929 1186 sibi
954 1123 1063 1188 induit
1087 1123 1199 1188 amnia
1342 1137 1409 1201 490

291 1227 373 1312 quod
397 1227 424 1291 si
448 1227 531 1291 forte
555 1226 642 1290 cauis
666 1233 836 1290 cunctatus
860 1225 1001 1289 uallibus
1024 1225 1138 1303 haesit,

290 1339 401 1414 utpote
424 1328 604 1413 inaequalis
627 1329 762 1393 uoluens
786 1326 988 1413 perpascitur
1011 1349 1110 1413 agros,
1218 1408 1220 1413 Ι

289 1433 466 1517 ingeminat
491 1432 609 1496 fluctus
632 1439 666 1495 et
689 1431 852 1496 stantibus
876 1431 1020 1515 increpat
1044 1432 1139 1495 undis

292 1536 384 1618 (sicut
406 1559 481 1600 cum
504 1535 653 1619 rapidum
676 1556 775 1599 curuo
799 1555 887 1598 mare
913 1534 1074 1598 cernimus
1098 1534 1223 1617 aestu):

289 1663 325 1704 ac
346 1641 489 1726 primum
513 1639 628 1714 tenuis,
653 1640 750 1703 simas
776 1639 844 1724 agit
868 1639 1045 1704 ulteriores,

287 1741 493 1828 progrediens
516 1742 582 1806 late
605 1741 807 1816 diffunditur,
832 1749 865 1806 et
890 1764 1081 1807 succcrnens

289 1948 422 2012 flumina
445 1947 626 2013 consistunt
648 1947 726 2032 ripis
747 1970 785 2012 ac
807 1947 924 2032 frigore
947 1948 1074 2027 durant,

288 2052 511 2137 paulatimque
535 2052 626 2136 ignes
649 2060 767 2115 coeunt
788 2073 825 2116 ao
847 2051 999 2117 flammea
1020 2053 1138 2118 messis.

289 2155 419 2219 exuitur
442 2154 540 2218 facies
562 2161 643 2230 tum,
665 2152 771 2236 prima
792 2161 831 2216 ut
852 2175 999 2238 quaeque
1021 2153 1168 2239 rigescit:

289 2258 429 2340 effumat
447 2258 548 2326 moles
572 2265 670 2342 atque
694 2256 764 2341 ipso
783 2256 933 2341 ¹pondere
957 2264 1062 2322 tracta

287 2361 432 2425 uoluitur
455 2359 582 2445 ingenti
605 2359 752 2446 strepitu,
778 2383 995 2445 praecepsque
1019 2363 1148 2427 sonanti

288 2487 362 2529 cum
376 2463 490 2528 solido
514 2463 637 2528 inflicta
660 2473 716 2542 est,
741 2464 886 2549 pulsatos
908 2465 1043 2550 dissipat
1066 2466 1156 2543 ictus,

287 2573 319 2630 et
343 2589 408 2652 qua
432 2566 570 2630 disclusa
593 2575 642 2630 est
668 2567 820 2632 candenti
846 2567 959 2632 robore
984 2567 1095 2651 fulget.

287 2669 405 2733 emicat
430 2690 585 2732 examen:
611 2669 714 2754 plagis
738 2668 885 2734 ardentia
911 2691 996 2745 saxa,

287 2770 451 2848 scintillas,
474 2773 586 2856 procul
609 2794 677 2838 esse
701 2772 789 2850 fides
810 2773 925 2858 procul
949 2794 1017 2837 esse
1043 2772 1174 2839 ruentis.

287 2874 442 2938 incolumi
464 2875 590 2939 feruore
612 2877 753 2957 cadunt3
776 2898 892 2940 uerum
916 2876 1058 2962 impetus
1084 2876 1175 2962 ignes

288 2980 459 3064 Symaethi
481 2981 643 3065 quondam
667 2988 705 3046 ut
728 2982 814 3068 ripas
836 2982 999 3049 traiecerit
1021 2984 1134 3060 amnis,

286 3084 344 3148 uix
369 3084 489 3148 iunctis
514 3086 684 3171 quisquam
711 3087 785 3151 faxo
807 3085 983 3152 dimouerit
1006 3087 1096 3151 illas:

285 3187 417 3251 uicenos
440 3209 594 3273 persaepe
617 3191 715 3274 pedes
740 3190 824 3254 iacet
845 3190 961 3254 obruta
984 3189 1092 3253 moles.

375 3291 432 3354 scd
456 3291 576 3356 frustra
601 3292 696 3357 certis
720 3292 888 3377 disponere
914 3292 1043 3377 singula
1065 3292 1168 3355 causis
1196 3280 1204 3293 ’

284 3402 495 3477 temptamus,
520 3395 547 3458 si
570 3395 663 3461 firma
685 3404 797 3460 manet
820 3397 882 3461 tibi
909 3397 1021 3461 fabula
1043 3395 1192 3472 mendax,

286 3498 460 3562 materiam
484 3507 522 3563 ut
545 3500 655 3565 credas
678 3501 777 3565 aliam
800 3502 901 3566 fluere
925 3502 1010 3586 igne,
1035 3499 1165 3564 fauillae

285 3600 424 3664 flumina
447 3602 643 3686 proprietate
667 3604 764 3667 simul
790 3625 998 3680 concrescere,
1021 3603 1091 3667 siue

286 3702 502 3767 commixtum
524 3705 613 3770 lento
639 3706 774 3791 flagrare
798 3708 961 3772 bitumina
987 3706 1142 3791 sulphur:

286 3826 366 3867 nam
391 3813 466 3889 post
491 3816 639 3872 exustam
661 3818 783 3873 cretam
807 3832 936 3895 quoque
960 3811 1074 3874 robora
1098 3809 1199 3888 fundi,
1348 3823 1408 3892 515

210 3966 375 4021 dimittite».
420 3972 593 4025 collibusoo.
638 3976 745 4026 callibus
757 3978 880 4041 Scaliger.
1012 3980 1061 4030 487
1078 3978 1166 4028 curuis
1176 3978 1231 4027 Ed.
1265 3976 1413 4027 curtisce.

209 4046 332 4112 artis-1«.
366 4051 473 4100 ostatu.
539 4051 587 4103 489
604 4055 691 4102 rotant
705 4056 849 4118 Werncdors
861 4056 927 4117 conj,
959 4058 1117 4106 notantne.
1194 4055 1244 4104 400
1260 4054 1351 4116 Ipsum
1363 4056 1412 4103 Go-

209 4126 286 4173 rauca.
312 4125 438 4187 Ipsaco.
467 4127 591 4180 amnisc.
616 4130 692 4179 annis
703 4149 730 4181 ω.
781 4132 830 4182 491
841 4132 948 4181 uasibus
960 4150 987 4181 ω.
1032 4130 1258 4192 492inaqualiso.
1308 4130 1412 4179 49315-

209 4202 381 4263 geminatis.
414 4203 644 4265 Ingeminanton.
712 4209 968 4258 494cernimusEd.
1002 4210 1122 4258 cernulus
1134 4206 1202 4270 αγδ.
1236 4205 1350 4253 cernitur
1360 4205 1410 4263 15¹.

210 4277 247 4328 495
264 4278 382 4330 simas&
433 4280 501 4330 imas
512 4299 538 4332 n.
590 4300 682 4349 omqr.
733 4283 873 4344 sinusts'.
1005 4285 1055 4334 496
1071 4280 1412 4331 mormoreoamrelcat.

210 4354 246 4404 501
263 4371 403 4420 precepsq;
421 4375 472 4422 αγ.
555 4360 603 4409 502
620 4362 759 4411 inflictaor
775 4360 865 4409 inflixa
877 4360 1000 4420 Scotiper.
1033 4358 1129 4407 inflexa
1141 4374 1194 4406 ce.
1228 4356 1409 4416 pulsatores».

209 4436 333 4493 pulsantes
346 4434 400 4495 ξς.
435 4435 565 4497 pulsantis
579 4440 705 4487 Gorallru.
788 4438 836 4487 505
855 4436 1024 4488 scintillans.
1060 4433 1179 4484 Scintilla
1190 4451 1216 4482 ω.
1300 4432 1348 4483 507
1366 4432 1412 4497 Sy·

210 4512 367 4563 machino.
403 4512 517 4563 Simethi
528 4532 555 4564 c.
590 4515 619 4566 Si
630 4516 674 4564 uel
684 4514 798 4564 fumanti
810 4516 835 4563 et
845 4514 886 4563 hii
901 4513 950 4580 γδ.
986 4512 1015 4563 si
1025 4512 1069 4561 uel
1079 4509 1192 4558 fumanti
1203 4527 1221 4559 ε.
1288 4510 1336 4559 500
1353 4510 1413 4561 faxo

209 4588 253 4641 Ed.
287 4589 340 4637 fixo
352 4606 403 4639 ao.
500 4590 548 4641 500
565 4590 744 4641 Vicencsts'.
780 4588 984 4653 Vicinoscpst
1020 4586 1259 4650 pedasDoroillius.
1293 4586 1413 4639 dieuco.

210 4668 246 4717 512
263 4669 385 4719 flueren.
419 4667 584 4733 maresa«.
620 4667 769 4730 furarets'.
803 4667 909 4717 fauillac
923 4668 1050 4716 Goroltur.
1084 4663 1176 4712 fauilla
1187 4682 1213 4714 a.
1255 4664 1374 4716 fauillam
1385 4686 1412 4717 e.

176 4796 177 4803 χ
211 4743 247 4795 513
263 4744 430 4797 Flumineo.
478 4744 594 4796 Plurima
606 4763 633 4795 ω.
732 4744 779 4793 515
797 4743 932 4794 roboras.
966 4739 1124 4792 roboreos'.
1174 4740 1250 4790 tundi
1263 4742 1414 4807 Wermdcrs.

1243 4839 1325 4899 2—2
