3634 5525
967 662 985 708 2

467 831 659 876 auersumue
681 799 795 873 diemt
822 825 1012 890 sparsumue
1033 805 1069 867 in
1090 803 1215 868 semina
1236 804 1392 870 dentem?

466 913 538 998 quis
560 934 626 976 non
646 911 795 996 periurae
817 906 922 971 doluit
942 903 1114 968 mendacia
1134 904 1262 990 puppis,

465 1015 626 1079 desertam
648 1033 750 1074 uacuo
773 1007 919 1072 Minoida
940 1007 1034 1069 litore
1056 1010 1211 1089 questus?

465 1114 621 1200 quicquid
645 1113 680 1174 in
702 1110 818 1194 antiqu

815 1234 872 1275 um
894 1211 1015 1275 iactata
1036 1218 1086 1274 est
1108 1209 1218 1274 fabula
1240 1232 1377 1275 carmen.

465 1317 581 1383 fortius
604 1317 731 1400 ignotas
752 1315 904 1379 molimur
926 1321 1056 1398 pectore
1078 1334 1189 1376 curas:

465 1419 524 1504 qui
546 1427 639 1483 tanto
662 1425 768 1482 motus
792 1417 888 1500 operi,
912 1438 995 1501 quae
1017 1423 1111 1479 tanta
1131 1413 1267 1499 perenni

471 1625 609 1709 explicet
631 1624 666 1687 in
689 1623 826 1691 densum
848 1622 995 1686 flammas
1017 1631 1051 1684 et
1073 1621 1185 1685 trudat
1207 1622 1248 1685 ab
1270 1621 1335 1684 imo

466 1727 592 1812 ingenti
614 1727 722 1790 sonitu
743 1727 843 1789 moles
867 1733 900 1790 et
922 1725 1069 1809 proxima
1091 1746 1240 1809 quaeque

466 1831 595 1916 ignibus
617 1830 744 1914 irriguis
766 1837 849 1905 urat,
872 1850 964 1892 mens
986 1827 1135 1892 carminis
1157 1828 1237 1892 haec
1259 1836 1319 1892 est.

551 1932 709 2018 principio
732 1954 773 1995 ne
795 1954 893 2016 quem
916 1931 1022 2016 capiat
1044 1931 1171 1995 fallacia
1193 1939 1316 2006 uatum,

391 2097 394 2104 .
465 2035 555 2100 sedes
578 2057 645 2100 esse
668 2036 721 2099 dei
743 2035 942 2120 tumidisque
964 2057 982 2098 e
1004 2035 1151 2099 faucibus
1172 2036 1282 2120 ignem

466 2138 605 2202 Vulcani
627 2160 720 2202 ruere
743 2145 777 2202 et
800 2138 918 2202 clausis
939 2159 1087 2203 resonare
1110 2138 1256 2202 cauernis

467 2240 652 2305 festinantis
675 2263 764 2325 opus.
802 2263 869 2304 non
891 2247 941 2304 est
963 2248 1032 2304 tam
1054 2241 1182 2305 sordida
1204 2241 1288 2307 diuis

468 2367 551 2420 cura,
574 2367 680 2428 neque
704 2353 862 2409 extremas
884 2344 935 2408 ius
957 2352 1007 2408 est
1029 2345 1202 2410 demittere
1224 2333 1262 2409 in
1281 2353 1366 2410 artes

467 2447 591 2513 sidera:
624 2448 781 2512 subducto
803 2453 941 2532 regnant
963 2449 1117 2513 sublimia
1138 2449 1225 2512 caelo

467 2551 524 2615 illa
544 2573 650 2636 neque
673 2551 833 2615 artificum
856 2558 972 2616 curant
994 2559 1133 2615 tractare
1155 2550 1308 2616 laborem.

468 2652 628 2736 discrepat
651 2675 671 2715 a
691 2654 796 2737 prima
817 2652 914 2717 facies
935 2653 1016 2716 haec
1037 2653 1140 2716 altera
1162 2659 1297 2716 uatum:

469 2751 533 2816 illis
555 2752 711 2837 Cyclopas
733 2762 914 2818 memorant
936 2753 1119 2818 fornacibus
1141 2776 1223 2831 usos,

468 2876 543 2918 cum
565 2870 661 2938 super
683 2854 833 2918 incudem
855 2877 1027 2919 numerosa
1048 2856 1083 2919 in
1105 2857 1240 2920 uerbera
1261 2856 1359 2937 fortes

468 2955 662 3019 horrendum
686 2978 801 3041 magno
825 2965 998 3041 quaterent
1019 2959 1080 3022 sub
1102 2960 1243 3043 pondere
1265 2959 1396 3034 fulmen,

468 3068 695 3144 armarentque
719 3060 850 3124 Iouem:
874 3068 969 3145 turpe
992 3070 1025 3125 et
1048 3062 1117 3126 sine
1139 3059 1271 3148 pignore
1293 3082 1429 3125 carmen.
1544 3082 1594 3142 40

465 3186 466 3191 ¹
554 3162 701 3246 proxima
722 3162 852 3227 uiuaces
874 3164 1015 3228 Aetnaei
1036 3165 1168 3229 uerticis
1190 3165 1282 3249 ignes

468 3263 570 3347 impia
591 3263 742 3328 sollicitat
765 3264 950 3351 Phlegraeis
973 3266 1083 3330 fabula
1105 3268 1224 3331 castris,

468 3375 678 3455 temptauere,
702 3368 800 3447 nefas,
825 3370 902 3433 olim
925 3368 1096 3432 detrudere
1119 3369 1240 3433 mundo

469 3470 572 3533 sidera
594 3471 778 3556 captiuique
801 3474 889 3535 Iouis
911 3472 1083 3535 transferre
1105 3472 1253 3556 gigantes

469 3572 640 3655 imperium
663 3582 696 3636 et
718 3574 804 3637 uicto
826 3575 913 3657 leges
935 3574 1090 3657 inponere
1113 3576 1207 3637 caelo.

469 3672 519 3734 his
542 3680 658 3735 natura
679 3694 739 3735 sua
760 3681 809 3735 est
832 3674 905 3735 aluo
927 3681 1041 3737 tenus:
1065 3673 1133 3735 ima
1153 3695 1212 3758 per
1234 3672 1325 3735 orbes

470 3779 641 3856 squameus
664 3774 799 3838 intortos
822 3776 931 3839 sinuat
953 3775 1091 3859 uestigia
1113 3790 1252 3859 serpens.

470 3878 666 3941 construitur
687 3879 813 3963 magnis
835 3880 875 3943 ad
898 3878 1019 3964 proelia
1041 3880 1206 3944 montibus
1228 3900 1344 3963 agger:

469 3979 581 4043 Pelion
604 3981 685 4045 Ossa
706 3991 828 4066 grauat,
854 4006 1000 4047 summus
1023 3984 1142 4067 premit
1165 3985 1268 4049 Ossan
1291 3984 1457 4069 Olympus,
1543 3986 1549 3997 '

468 4079 535 4144 iam
559 4092 759 4147 coaceruatas
781 4085 933 4149 nituntur
956 4084 1108 4149 scandere
1131 4085 1251 4165 moles;
1546 4100 1596 4165 50

383 4304 415 4352 20
432 4303 628 4355 Auernumueo.
668 4304 882 4359 Aduersumueo.
927 4307 1027 4359 semina
1038 4309 1161 4371 Scaliyer.
1202 4308 1371 4358 seminario.
1480 4306 1512 4355 23
1530 4308 1554 4356 is
1574 4326 1596 4359 a

376 4379 506 4441 fraymeot
518 4381 547 4443 os
555 4388 601 4430 two
613 4396 661 4431 oss.
727 4384 758 4431 25
771 4384 822 4445 Qui
833 4386 877 4445 ιζ.
907 4385 971 4447 Quis
982 4405 1010 4435 ο.
1028 4388 1102 4435 tonte
1112 4385 1220 4447 perenni
1231 4403 1283 4435 oo.
1312 4398 1389 4434 causa
1400 4382 1521 4445 perennis
1533 4385 1584 4443 15·
1584 4426 1592 4437 .

383 4456 663 4520 Ao.iclostcjtcr25.
811 4464 842 4510 33
854 4461 1041 4520 dimitterent
1125 4461 1351 4524 dtsubductoop.
1411 4460 1592 4516 seductoSS‘.

383 4544 415 4590 38
431 4543 574 4605 fortestf.
610 4533 729 4614 soiitos-f.
763 4548 925 4600 fonteneti.
988 4552 1020 4600 39
1037 4549 1136 4598 fulmen
1147 4568 1173 4600 o.
1209 4550 1308 4599 flumen
1319 4566 1345 4598 a.
1410 4548 1443 4595 40
1460 4550 1486 4596 et
1496 4550 1592 4600 Jacob.

383 4633 422 4681 cst
440 4649 491 4682 oo.
590 4634 622 4682 41
639 4620 743 4686 uiudces
762 4655 787 4688 ο,
835 4637 940 4687 aethnei
955 4657 979 4689 a„
1080 4638 1112 4686 42
1129 4638 1245 4701 flegracis
1263 4656 1287 4688 a.
1387 4637 1420 4687 47
1436 4637 1546 4686 intortas
1560 4657 1590 4693 α.

382 4707 495 4759 intortus
506 4714 532 4759 ό.
617 4711 853 4766 49P010niosssa.
898 4718 989 4777 greum
999 4717 1077 4766 Jacob
1088 4717 1151 4779 cocp'.
1184 4718 1315 4766 creatos.
1356 4713 1416 4763 terit
1428 4712 1454 4763 ἔ
1455 4748 1461 4761 .
1511 4715 1594 4766 olim-
1655 4769 1656 4772 ,
