3634 5525
498 797 525 864 si
547 797 676 876 lenitur,
702 817 781 882 opus
806 802 926 858 restat:
947 791 1051 876 magis
1072 789 1179 854 uritur
1202 789 1269 856 illic

498 903 712 986 sollicitatque
736 899 839 984 magis
861 896 970 960 uicina
992 893 1142 958 incendia
1165 916 1279 960 saxum

497 1015 647 1091 certaque
669 1011 827 1067 uenturae
849 997 1032 1085 praemittit
1053 998 1188 1082 pignora
1210 997 1367 1062 flammae.

496 1130 572 1172 narn
594 1105 691 1170 simul
713 1112 811 1188 atque
834 1109 945 1166 mouet
967 1100 1046 1164 uiris
1068 1101 1264 1184 turbamque
1286 1099 1432 1164 minatus

497 1312 626 1397 diffugit
649 1311 874 1396 extemploque
897 1310 1001 1373 solum
1023 1308 1125 1372 trahit
1147 1307 1276 1394 ictaque
1298 1307 1449 1390 'premisl‘

497 1426 530 1482 et
553 1439 652 1502 graue
677 1417 737 1480 sub
761 1423 848 1479 terra
870 1436 1017 1478 murmur
1038 1413 1237 1477 demonstrat
1260 1419 1293 1475 et
1314 1412 1414 1496 ignes

495 1529 567 1585 tum
589 1521 746 1605 pauidum
768 1519 878 1604 fugere
900 1527 935 1582 et
958 1515 1054 1580 sacris
1076 1515 1249 1579 concedere
1271 1516 1368 1578 rebus

494 1647 553 1710 par
576 1625 656 1689 erit:
678 1647 695 1688 e
718 1628 791 1688 tuto
814 1619 1029 1706 speculaberis
1052 1618 1161 1682 omnia
1183 1617 1266 1682 colli.

412 1785 416 1794 .
495 1751 572 1792 narn
594 1727 700 1792 subito
723 1726 881 1790 efferuent
904 1724 1060 1786 honerosa
1081 1716 1231 1784 incendia
1251 1720 1370 1806 raptis:

494 1853 644 1896 accensae
667 1830 807 1893 subeunt
829 1827 931 1891 moles
952 1835 1151 1910 truncaeque
1173 1826 1286 1890 ruinae

493 1934 690 2018 prouoluunt
712 1918 811 2018 alque
833 1939 904 1996 atra
927 1939 1043 1995 sonant
1065 1929 1214 1994 examina
1236 1930 1384 1993 harenae.

493 2036 582 2100 illinc
604 2036 745 2099 incertae
767 2035 863 2098 facies
885 2033 1119 2116 hominumque
1140 2032 1282 2116 figurae:

492 2160 566 2223 pars
588 2138 733 2223 lapidum
755 2136 919 2212 domitast,
944 2135 1061 2199 stantis
1082 2156 1156 2219 pars
1179 2135 1291 2198 robore
1313 2155 1452 2218 pugnae,

491 2265 551 2307 nec
573 2242 688 2326 recipit
710 2242 856 2304 flammas
878 2239 940 2315 hic,
964 2239 1017 2303 hic
1037 2239 1179 2303 defessus
1201 2239 1352 2318 anhelat3

486 2354 593 2430 utque
616 2343 720 2428 aperit
743 2365 776 2407 se
798 2341 908 2418 hostis,
932 2339 1087 2404 decrescit
1110 2327 1244 2425 spiritus
1266 2339 1352 2403 illic:

492 2448 580 2512 haud
602 2447 696 2510 aliter
719 2468 816 2531 quam
839 2467 913 2509 cum
936 2445 1022 2508 laeto
1045 2443 1175 2507 deuicta
1196 2452 1328 2528 tropaeo

491 2573 592 2636 prona
613 2550 697 2616 iacet
719 2550 841 2635 campis
864 2549 947 2613 acies
970 2556 1003 2612 et
1026 2555 1129 2611 castra
1152 2548 1212 2611 sub
1233 2548 1311 2631 ipsa

490 2662 563 2717 tum
585 2655 612 2716 si
634 2653 706 2739 quis
728 2653 873 2736 lapidum
896 2673 1022 2715 summo
1044 2649 1209 2734 pertabuit
1231 2648 1308 2733 igni,

490 2755 629 2839 asperior
651 2755 781 2839 species
806 2762 839 2819 et
863 2753 1023 2838 quaedam
1046 2752 1174 2816 sordida
1196 2752 1278 2817 faex·
1292 2761 1342 2817 est

491 2856 620 2939 qualem
642 2864 779 2941 purgato
802 2878 916 2919 cernas
938 2853 1084 2919 desidere
1107 2855 1198 2921 ferro.

489 2982 605 3025 uerum
626 2961 684 3024 ubi
705 2960 864 3045 paulatim
887 2960 1003 3024 exiluit
1024 2960 1153 3024 sublata
1173 2960 1301 3025 caducis

490 3064 652 3150 congeries
674 3065 767 3142 saxis,
791 3073 929 3149 angusto
951 3063 1075 3129 uertice
1098 3074 1243 3149 surgunt.

490 3168 535 3232 sic
556 3170 648 3234 uelut
671 3166 704 3239 in
727 3170 853 3233 fornace
875 3169 957 3256 lapis
979 3176 1120 3233 torretur
1142 3177 1175 3233 et
1198 3168 1303 3233 omnis
1349 3248 1352 3251 ἦ

488 3275 620 3332 exustus
642 3268 773 3353 penitus
795 3268 887 3331 uenis
911 3268 999 3331 subit
1021 3266 1119 3329 altius
1140 3266 1276 3331 humor:

488 3372 612 3436 amissis
638 3372 753 3457 opibus
777 3372 859 3436 leuis
884 3380 918 3435 et
942 3371 1011 3435 sine
1036 3370 1177 3455 pondere
1199 3392 1321 3455 pumex

486 3476 666 3540 excutitur:
686 3476 793 3560 liquor
815 3476 869 3539 ille
892 3475 996 3559 magis
1019 3474 1144 3537 feruere
1168 3475 1335 3560 magisque

485 3577 629 3641 fluminis
652 3580 687 3642 in
711 3579 851 3663 speciem
875 3578 965 3641 mitis
989 3577 1161 3661 procedere
1184 3579 1320 3643 tandem

484 3677 599 3763 incipit
623 3689 657 3744 et
681 3682 789 3765 pronis
813 3680 960 3743 demittit
983 3680 1117 3743 collibus
1143 3680 1258 3746 undas.
1313 3661 1315 3666 Ι
1545 3692 1596 3768 48
1602 3705 1623 3772 5

484 3778 559 3844 illae
583 3781 743 3865 paulatim
767 3782 816 3847 bis
840 3804 918 3846 sena
941 3782 977 3845 in
999 3781 1092 3845 milia
1115 3793 1275 3868 pergunt;

400 3986 564 4053 faciequeo.
631 3992 768 4053 coaequet.
835 3995 903 4043 ecate
916 3990 951 4055 qd
960 4011 986 4060 γ.
1052 3994 1122 4043 factu
1137 3996 1205 4057 quod
1223 3996 1277 4057 ξς.
1408 4000 1458 4050 458
1474 4001 1575 4052 uir-itur
1591 4025 1628 4060 α,

395 4068 443 4119 461
459 4068 524 4117 uiris
535 4085 561 4119 u..
628 4069 735 4119 curiso.
801 4072 955 4122 minatuso..
1021 4072 1177 4123 minutusu.
1246 4078 1299 4124 One
1314 4090 1342 4125 or
1356 4089 1481 4127 moreest.
1494 4095 1539 4128 ore
1552 4084 1629 4135 lost.

393 4148 663 4210 4taexemp10que.a.
763 4146 810 4199 463
828 4149 901 4200 cml.
1000 4150 1048 4199 465
1065 4151 1115 4199 Par
1132 4151 1193 4201 erit:
1212 4153 1363 4214 escaliper.
1398 4155 1492 4204 Parere
1507 4158 1535 4205 et
1553 4176 1627 4214 σιω,

394 4222 516 4285 collitss‘.
585 4224 723 4275 collisae.
821 4225 931 4277 469470
948 4229 1034 4276 omotl
1050 4229 1129 4278 tutu.
1229 4229 1279 4281 470
1296 4229 1428 4288 domitam,
1441 4233 1538 4282 stantis
1551 4237 1629 4291 Ed.

393 4302 621 4353 domitastantiu..
655 4303 745 4352 robore
756 4304 811 4351 Ed.
844 4304 973 4354 roboreo.
1055 4304 1104 4356 471
1120 4303 1212 4366 recipit
1224 4323 1251 4354 ω.
1285 4306 1353 4368 repit
1364 4325 1390 4357 a.
1424 4307 1476 4368 hic,
1488 4308 1533 4359 hio
1550 4314 1630 4371 Εα,

392 4378 529 4431 hincne(
552 4379 709 4444 nechinoq.
743 4378 956 4440 monehincls‘.
1006 4379 1160 4430 defessuso.
1194 4381 1316 4431 defensus
1328 4401 1354 4433 a.
1454 4387 1503 4438 472
1520 4388 1631 4454 thue

393 4459 520 4507 Gorollos.
555 4458 638 4519 Atque
658 4476 710 4508 oo.
809 4456 857 4509 473
874 4456 999 4519 trophaeo
1018 4474 1045 4507 a.
1142 4458 1191 4509 476
1209 4458 1308 4519 species
1327 4461 1379 4508 Ed.
1413 4462 1527 4524 sopitaes
1545 4472 1631 4525 ας

391 4532 603 4598 ιορίῖαεειγθε.
637 4534 696 4583 faex
707 4552 735 4607 a.¹
766 4534 810 4583 fax
821 4552 848 4583 ω.
882 4534 922 4582 fas
938 4551 981 4598 γε.
1080 4534 1128 4586 477
1145 4550 1235 4583 cernas
1244 4538 1299 4586 Ed
1333 4551 1484 4589 comessa.
1519 4551 1633 4602 cernis

390 4612 507 4659 editions.
574 4610 689 4659 desidere
706 4609 753 4660 c8.
820 4610 960 4675 ᾶθειιὶᾶὲγ
1027 4610 1155 4660 discedere
1174 4598 1228 4672 ζέ
1363 4613 1412 4663 480
1428 4616 1512 4665 ueluti
1532 4629 1633 4690 αγζ

390 4686 438 4734 483
454 4684 715 4748 feruereoScoliper.
761 4702 903 4738 semareo.
1034 4689 1083 4737 466
1099 4704 1188 4751 prome
1199 4692 1255 4739 Ed
1299 4694 1429 4753 prunisc
1470 4695 1570 4756 primis
1589 4727 1633 4763 Q·
