3634 5525
983 649 1026 699 20

489 807 522 865 et
548 799 662 885 figulos
687 795 764 864 huic
790 819 858 863 esse
883 795 999 875 fidem;
1024 794 1101 860 dein
1125 793 1250 880 frigoris
1274 816 1338 859 usu

488 901 641 969 duritiem
664 923 814 967 reuocare
840 905 993 964 suamet
1019 896 1237 981 constringere
1263 918 1371 960 uenas

489 1006 545 1070 sed
571 1004 700 1091 signum
727 1024 897 1068 commune
923 1003 996 1066 lene
1020 1007 1070 1066 est
1096 1008 1195 1086 atque
1220 998 1314 1064 irrita
1336 1021 1433 1064 causa

490 1129 574 1192 quae
597 1105 759 1191 trepidat:
781 1111 868 1168 certo
894 1124 1010 1167 uerum
1034 1102 1098 1166 tibi
1121 1103 1254 1188 pignore
1277 1108 1414 1166 constat.

490 1230 567 1273 nam
590 1208 683 1272 uelut
707 1206 814 1292 arguti
839 1213 959 1271 natura
980 1212 1030 1271 est
1054 1206 1146 1282 aeris,
1171 1213 1205 1269 et
1230 1205 1300 1290 igni
1554 1220 1623 1287 520

491 1331 565 1374 oum
591 1309 752 1375 domitum
776 1317 833 1386 est,
858 1318 1008 1373 constans
1034 1309 1213 1392 eodemque
1239 1314 1273 1372 et
1298 1308 1411 1372 robore
1439 1308 1541 1386 saluo,

491 1421 629 1498 utraque
657 1422 695 1479 ut
717 1412 819 1499 possis
845 1413 928 1478 aeris
953 1434 1140 1498 cognoscere
1164 1420 1310 1497 partem3

494 1517 582 1582 haud
608 1519 703 1584 aliter
728 1518 810 1604 lapis
831 1519 886 1582 ille
908 1525 1009 1594 tenet,
1034 1538 1092 1581 seu
1117 1515 1200 1580 forte
1223 1516 1392 1581 madentes

494 1620 599 1685 effluit
624 1621 659 1684 in
685 1620 831 1684 flammas
855 1620 926 1684 siue
949 1627 998 1684 est
1025 1641 1154 1683 securus
1178 1619 1219 1682 ab
1246 1618 1320 1696 illis,

494 1731 727 1808 conseruntque
749 1731 851 1812 notas,
877 1745 938 1787 nec
963 1722 1095 1787 uultum
1119 1721 1262 1807 perdidit
1285 1720 1382 1806 ignis.
1557 1737 1618 1804 525

495 1826 574 1911 quin
600 1825 700 1891 etiam
727 1834 895 1890 externam
922 1825 1035 1889 multis
1058 1825 1143 1888 color
1165 1823 1234 1908 ipse
1257 1824 1384 1900 refellit,

495 1952 560 1993 non
587 1930 664 1994 odor
689 1937 747 1994 aut
771 1930 905 1995 leuitas:
934 1929 1039 2014 putris
1064 1928 1167 2014 magis
1192 1928 1248 1992 ille
1273 1928 1441 2013 magisque

496 2052 566 2094 una
587 2032 690 2116 operis
716 2020 821 2108 facies,
847 2032 962 2096 eodem
986 2053 1107 2116 perque
1134 2031 1243 2095 omnia
1269 2040 1356 2095 terra
1379 2037 1440 2096 est.

496 2155 556 2198 nec
578 2141 691 2198 tamen
714 2133 836 2198 infitior
861 2135 985 2219 lapides
1010 2136 1173 2200 ardescere
1196 2144 1307 2213 certos,

496 2233 633 2299 interius
655 2236 761 2299 furere
785 2257 951 2301 accensos:
980 2237 1059 2300 baec
1085 2237 1214 2322 propria
1241 2238 1353 2302 uirtus.
1559 2254 1626 2321 530

497 2337 578 2422 quin
601 2338 678 2422 ipsis
701 2337 864 2424 quondam
891 2339 993 2404 Siculi
1019 2341 1210 2426 cognomina
1235 2342 1319 2406 saxis
1383 2405 1389 2409 ,

496 2440 666 2525 inposuere
688 2439 875 2522 †lridicas†
898 2448 933 2505 et
956 2441 1023 2505 iam
1049 2442 1119 2528 ipso
1145 2443 1276 2507 nomine
1301 2443 1431 2528 signant

497 2547 600 2612 fusilis
624 2570 692 2613 esse
718 2555 821 2613 notas.
849 2570 1029 2633 numquam
1050 2557 1162 2613 tamen
1184 2548 1241 2612 illa
1262 2548 1453 2634 liquescunt,

497 2653 646 2736 quamuis
672 2653 823 2720 materies
848 2653 959 2717 foueat
981 2653 1120 2716 sucosior
1142 2652 1239 2729 intus,

498 2777 557 2821 nec
580 2757 711 2841 penitus
736 2780 840 2821 uenae
862 2756 984 2821 fuerint
1010 2755 1179 2821 commissa
1201 2755 1324 2821 molari.
1562 2774 1602 2839 53
1608 2774 1623 2839 5

586 2857 672 2941 quod
696 2856 723 2920 si
745 2858 817 2941 quis
842 2857 960 2941 lapidis
983 2857 1119 2921 miratur
1142 2858 1236 2922 fusile
1260 2858 1367 2935 robur,'

499 2955 618 3041 cogitet
642 2959 767 3028 obscuri
793 2960 962 3024 uerissima
987 2961 1073 3025 dicta
1097 2962 1208 3040 libelli,

501 3060 676 3139 Heraclito,
703 3062 764 3141 tui,
788 3063 871 3127 nihil
894 3063 1112 3149 insuperabile
1138 3065 1180 3129 ab
1203 3064 1281 3149 igni,

500 3164 609 3229 omnia
632 3187 697 3248 quo
723 3188 831 3231 rerum
856 3174 993 3247 naturae
1013 3167 1138 3232 semina
1161 3167 1253 3231 iacta

501 3267 557 3331 sed
580 3268 719 3334 nimium
744 3270 805 3335 hoc
829 3271 970 3335 mirum?
996 3270 1187 3335 densissima
1214 3293 1346 3355 corpora
1370 3292 1467 3355 saepe
1562 3288 1629 3353 540

501 3376 534 3433 et
558 3372 657 3437 solido
682 3372 791 3439 uicina
812 3381 924 3439 tamen
948 3375 1168 3459 conpescimus
1192 3373 1271 3458 igni.

499 3494 565 3536 non
591 3474 714 3539 animos
737 3476 819 3540 aeris
842 3477 982 3541 flammis
1008 3477 1214 3542 succumbere
1236 3477 1361 3542 cemisl

500 3574 661 3640 lentitiem
687 3578 860 3662 plumbum
882 3602 949 3642 non
973 3581 1086 3645 exuitl
1112 3581 1246 3665 ipsaque
1269 3580 1346 3645 ferri

501 3678 652 3742 materies
678 3680 838 3763 praedura
861 3690 975 3745 tamen
1000 3684 1201 3748 subuenitur
1227 3684 1304 3770 igni,

379 3851 565 3905 'funditas
664 3860 712 3911 519
728 3860 872 3924 tripidatn.
922 3865 990 3913 certe
1001 3879 1093 3914 uerum
1104 3865 1153 3915 tibi
1163 3884 1189 3916 a.
1222 3881 1315 3915 uerum
1326 3864 1508 3925 ubicertott.
1554 3869 1627 3916 certo

414 3945 453 3979 om
463 3949 504 3998 γε.
537 3933 574 3982 ibi
584 3952 610 4001 γ.
709 3939 757 3987 520
773 3942 1046 3991 naturaestadldus.
1079 3945 1188 3992 naturae
1203 3962 1230 3992 ω.
1264 3942 1454 4006 igniScaliqer.
1487 3944 1558 4005 ignis
1571 3963 1625 3996 ao.

415 4006 462 4056 521
480 4009 546 4058 Cum
564 4011 691 4063 domitum
711 4031 729 4065 a
743 4016 833 4065 Aldus.
900 4017 1084 4067 (londomitnm
1100 4038 1128 4069 ο.
1193 4021 1383 4070 constansEd.
1449 4024 1554 4071 constat
1572 4042 1624 4073 uo.

414 4091 463 4139 522
479 4091 593 4154 Vtraque
603 4096 656 4147 Ed.
692 4096 875 4160 utriquest.
909 4098 1136 4167 Vtramqusqrss‘.
1170 4118 1306 4166 cognoscor
1316 4121 1342 4154 n.
1382 4105 1483 4165 partem
1496 4106 1624 4164 Gorallos.

413 4170 515 4231 portam
526 4187 576 4221 no.
707 4174 754 4222 525
772 4176 875 4225 uultum
892 4178 1010 4229 adldus.
1060 4180 1138 4229 uultu
1147 4198 1174 4231 s.
1227 4179 1295 4241 ignis
1311 4197 1353 4246 (ιγ
1363 4182 1452 4229 Aldus.
1502 4181 1579 4242 ignes
1595 4204 1621 4235 ω.

414 4246 463 4295 526
479 4246 610 4297 refellite..
662 4250 770 4299 resoluit
782 4269 808 4303 ω.
907 4255 956 4306 527
973 4255 1051 4304 odora
1062 4258 1127 4306 uto„
1229 4257 1277 4306 529
1293 4255 1393 4306 infitior
1403 4274 1427 4323 γ.
1480 4257 1620 4310 inficiora

414 4324 462 4372 530
479 4324 605 4373 interitus
622 4343 647 4375 a.
698 4342 805 4377 accsnso
824 4347 848 4379 o.
898 4332 1003 4394 propria
1026 4332 1080 4392 15¹.
1132 4334 1239 4395 propola
1256 4351 1307 4383 so.
1464 4335 1512 4383 531
1530 4336 1650 4398 Quii11-,

371 4452 381 4471 Ι
413 4398 477 4461 ipsis
489 4416 515 4450 s.
549 4400 679 4462 quondam
690 4406 744 4455 Ed.
780 4406 906 4467 quaedam
918 4424 969 4457 ao.
1052 4408 1257 4459 narniniensis.
1290 4408 1387 4461 iricbas
1401 4427 1441 4477 γι
1475 4411 1620 4475 ἰτίοαεζς.
1649 4401 1650 4408 ¹

412 4477 515 4537 phrices
534 4476 556 4529 5.
613 4480 719 4531 nomine
739 4482 844 4543 signant
862 4502 887 4533 ω.
949 4485 1036 4534 omine
1052 4484 1203 4547 significarit
1221 4504 1247 4536 a.
1412 4490 1459 4537 533
1476 4489 1577 4540 Fusilis
1594 4511 1618 4542 a
1648 4511 1649 4562 q

412 4552 551 4603 Fusileso.
634 4557 682 4605 536
699 4558 857 4620 lapidisgs'.
891 4560 990 4622 lapides
1001 4579 1052 4613 nc.
1137 4564 1185 4615 537
1204 4562 1351 4624 eogittets.
1429 4566 1477 4614 538
1495 4567 1621 4617 Heracliti

414 4627 525 4692 cubiq.
572 4630 785 4685 Erudicstubit.
831 4635 1056 4696 Erudioetuerot
1103 4638 1335 4690 EtdicetusroS'.
1388 4629 1648 4714 sbigniScaliqer.l

413 4703 483 4768 gigni
494 4721 545 4754 ss.
676 4709 724 4759 539
742 4712 926 4772 quosccliyer.
995 4727 1123 4773 quaeso.
1189 4717 1388 4781 naturasqts'.
1453 4723 1550 4773 natura
1567 4740 1617 4774 no.
