3634 5525
816 656 906 719 ⁴3.

312 807 431 890 impius
455 813 490 870 et
514 804 606 868 miles
630 801 813 868 metuentia
836 801 1018 866 comminus
1042 810 1129 867 ostra

311 915 484 992 prouocat:
508 906 646 971 infestus
668 913 798 970 cunctos
821 904 862 968 ad
883 903 1010 990 proelia·
1027 903 1121 968 diuos

311 1015 465 1095 prouocat
486 1007 690 1092 admotisque
713 1008 889 1073 trementia
911 1008 1017 1072 sidera
1038 1007 1148 1094 signis.

311 1113 460 1199 Iuppiter
483 1134 525 1176 en
546 1110 633 1176 caelo
655 1110 774 1175 metuit
797 1110 1010 1195 dextramque
1032 1132 1197 1175 coruscam

310 1223 455 1279 armatus
477 1213 609 1277 flamma
630 1217 777 1276 remouet
799 1210 937 1295 caligine
959 1211 1127 1276 mundum.

309 1315 475 1379 incursant
497 1319 590 1378 uasto
611 1313 754 1398 primum
777 1311 917 1384 clamore
938 1311 1095 1396 gigantes.

309 1419 384 1482 hinc
406 1439 526 1502 magno
548 1424 640 1480 tonat
663 1437 717 1480 ore
740 1421 841 1500 pater,
866 1414 1101 1500 geminantque
1123 1414 1272 1480 fauentes

309 1521 454 1605 undique
477 1519 631 1584 discordei
653 1519 796 1584 sonitum
818 1518 917 1583 simul
938 1518 1068 1603 agmine
1090 1517 1193 1584 uenti.

309 1624 409 1688 densa
431 1646 490 1708 per
513 1623 668 1688 attonitas
691 1631 888 1708 rumpuntur
912 1622 1051 1686 fulmina
1074 1622 1196 1699 nubes3

308 1734 407 1812 atque
431 1728 467 1790 in
490 1726 678 1791 bellandum
701 1748 784 1810 quae
808 1725 925 1809 cuique
951 1723 1100 1808 potentia
1125 1723 1240 1787 diuum
1330 1774 1332 1777 .

308 1832 343 1895 in
367 1855 538 1897 commune
562 1834 672 1897 uenit:
696 1833 762 1897 iam
786 1831 872 1916 patri
896 1831 1032 1896 dextera
1054 1830 1162 1894 Pallas

307 1945 343 2000 et
366 1937 454 2001 Mars
478 1958 611 2002 scaeuus
636 1945 713 2028 erat,
737 1937 803 2000 iam
828 1943 936 2000 cetera
959 1934 1056 1998 turba
1079 1932 1212 1996 deorum

307 2046 396 2102 stant
419 2040 597 2123 utrimque.
620 2038 751 2120 †deus†
773 2038 899 2103 ualidos
924 2045 996 2102 turn
1021 2036 1169 2121 Iuppiter
1192 2034 1276 2120 ignis

306 2137 454 2222 increpat
478 2146 511 2202 et
535 2138 638 2203 uictor
661 2140 831 2223 proturbat
854 2139 991 2204 fulmine
1014 2145 1151 2202 montes.

305 2239 394 2303 illinc
418 2240 575 2304 deuectae
598 2249 766 2306 uerterunt
790 2250 882 2326 terga
905 2240 1018 2306 ruinae

306 2341 444 2408 infestae
469 2343 554 2408 dinis
578 2344 670 2422 acies,
694 2353 794 2429 atque
817 2344 938 2429 impius
960 2344 1063 2410 hostis

304 2466 457 2529 praeceps
478 2467 552 2509 cum
575 2446 686 2511 castris
709 2446 816 2531 agitur
838 2454 1008 2531 materque
1031 2445 1166 2510 iacentis

304 2545 476 2631 impellens
499 2546 609 2612 uictos
633 2555 705 2612 tum
728 2569 792 2632 pax
816 2555 866 2612 est
889 2547 1017 2611 reddita
1035 2546 1166 2622 mundo,

304 2657 378 2712 tum
401 2649 484 2712 liber
508 2657 628 2714 cessat:
655 2650 748 2714 uenit
771 2672 830 2735 per
853 2649 979 2714 sidera:
1004 2650 1131 2713 caelum

305 2749 494 2837 defensique
518 2751 614 2818 decus
637 2752 751 2817 mundi
774 2774 861 2817 nunc
886 2751 1033 2817 redditur
1056 2751 1161 2817 astris.

302 2854 430 2938 gurgite
454 2854 617 2919 Trinacrio
641 2855 834 2920 morientem
858 2855 1009 2939 Iuppiter
1031 2855 1144 2921 Aetna

304 2956 412 3021 obruit
435 2957 628 3034 Enceladon,
654 2966 746 3024 uasto
771 2958 827 3044 qui
850 2960 992 3044 pondere
1016 2960 1137 3026 montis

305 3066 432 3123 aestuat
456 3068 489 3123 et
513 3061 663 3145 petulans
687 3061 813 3145 expirat
837 3060 983 3126 faucibus
1007 3061 1125 3147 ignem.

390 3164 470 3229 haec
494 3172 543 3229 est
567 3166 738 3230 mendosae
762 3165 897 3251 uulgata
921 3165 1053 3229 licentia
1075 3166 1187 3228 famae.

305 3266 434 3331 uatibus
458 3265 625 3351 ingenium
649 3277 715 3331 est:
741 3266 817 3331 hino
840 3266 934 3332 audit
956 3264 1064 3329 nobile
1087 3284 1236 3328 carmen:
1295 3268 1299 3275 '

303 3368 443 3452 plurima
464 3391 538 3454 pars
561 3391 674 3435 scenae
698 3392 813 3435 uerum
839 3378 888 3435 est
912 3368 1056 3434 fallacia:
1082 3374 1174 3431 uates

304 3471 363 3534 sub
385 3472 480 3535 terris
503 3471 611 3557 nigros
635 3472 788 3537 uiderunt
811 3472 953 3537 carmine
977 3491 1089 3534 manes

303 3581 402 3657 atque
426 3573 511 3638 inter
536 3575 667 3656 cineres,
694 3576 781 3640 Ditis
804 3574 962 3661 pallentia
984 3594 1084 3658 regna
1144 3587 1149 3592 ”

303 3676 433 3740 mentiti
456 3685 549 3742 uates
572 3678 701 3765 Stygias
725 3679 912 3764 undasque:
936 3684 1089 3743 canentes

160 3940 161 3985 q
213 3920 300 3967 puae.
345 3910 377 3957 52
394 3907 596 3971 imestnsatf.
631 3910 803 3976 infensusqc.
837 3912 869 3959 53
881 3908 1021 3959 trementia
1031 3910 1086 3958 Ed.
1114 3905 1228 3956 tertiae.
1257 3900 1419 3966 quo—cignis

213 3998 290 4032 omo.
356 3984 508 4035 5⁴1an&
542 4002 618 4038 eoo.
652 3988 947 4049 dextramqueadldcr.
981 3985 1119 4046 domoque
1130 4000 1158 4032 ω.
1228 3981 1259 4032 55
1276 3980 1418 4029 flammea.

213 4058 384 4109 flammemur.
467 4064 499 4114 57
516 4063 718 4126 HinoScaliyer.
752 4063 866 4113 Hicao.
949 4062 981 4111 56
999 4059 1191 4110 discordeiEd.
1224 4056 1415 4107 discordesao.

213 4135 326 4185 sonitum
336 4138 416 4185 Jacob
428 4139 493 4200 conj.
526 4140 650 4189 comitum
662 4157 713 4190 ao.
764 4141 795 4189 59
812 4138 921 4188 fiumina
932 4154 958 4187 a.
1009 4132 1418 4198 60thuein,omrestoso.o.

211 4212 703 4278 Atqneinannaruitquaeeunquef.
732 4215 913 4275 bellandumq:
926 4232 951 4264 c.
985 4212 1218 4274 potinuaapra.
1284 4208 1315 4257 61
1332 4208 1419 4254 omcll

212 4301 294 4355 except
305 4311 331 4344 α.
366 4295 397 4344 62
415 4308 523 4343 scaenas
536 4311 570 4344 ι..
588 4309 744 4345 saeuusao.
778 4295 916 4343 caeterae.
999 4291 1030 4340 63
1048 4290 1111 4339 deus
1121 4288 1285 4338 ualidosae·
1318 4282 1417 4329 metuat

212 4370 310 4419 ualidos
321 4370 347 4421 ἔ
347 4405 354 4421 .
406 4371 438 4420 64
455 4370 591 4437 uictor-fe.
626 4371 732 4430 uictos,
747 4369 849 4432 apra
884 4363 1094 4415 uinotosteorr.
1127 4364 1194 4413 iacto
1205 4362 1231 4411 s*
1230 4394 1237 4409 .
1271 4355 1416 4405 flumineo·

160 4484 161 4511 q
213 4446 560 4509 cenassemus.
596 4447 788 4510 deuictam-fc.
853 4442 1055 4494 661nfestace.
1082 4440 1227 4488 Infertea.
1294 4432 1325 4482 67
1342 4430 1418 4482 Prac-

160 4546 161 4551 =
211 4523 324 4602 ceptisa.
411 4525 442 4574 69
459 4526 581 4574 cessata.
615 4538 708 4573 cessas
720 4538 804 4585 pr.m.
839 4534 948 4589 cqssaq.
982 4519 1089 4567 celsae.
1122 4512 1270 4560 columae.
1305 4508 1370 4559 caeli
1381 4509 1415 4560 ς’.

213 4617 243 4667 71
259 4617 398 4669 Guroitec.
462 4614 558 4666 aethna
569 4634 595 4666 a.
726 4617 757 4666 72
775 4613 926 4664 enceladum
936 4631 963 4662 c.
1029 4604 1160 4665 uastoqni
1171 4621 1199 4653 o.
1265 4605 1372 4667 uasth:
1390 4622 1416 4655 a.

213 4692 456 4759 uastiquoquets'.
546 4694 577 4744 73
595 4690 715 4753 petulans
726 4708 753 4739 ω.
787 4690 874 4752 patula
885 4689 979 4738 insen.
1012 4679 1211 4743 petulantum.
1278 4682 1310 4732 76
1325 4689 1427 4734 uerum

1248 4781 1330 4843 1-2
