3634 5525
794 665 827 730 15

293 836 353 879 nec
372 835 492 899 paruas
514 811 680 877 mendicat
701 831 778 897 opes
796 833 856 877 nec
879 820 1031 898 corrogat
1053 836 1155 879 auras.

292 926 417 1000 praesto
442 923 521 980 sunt
543 933 658 1000 operae
680 924 853 982 uentorum
876 916 1028 980 examina
1049 939 1195 1002 semper:

292 1040 386 1082 causa
407 1017 491 1081 latet
513 1037 596 1100 quae
618 1023 750 1101 rumpat
771 1017 834 1080 iter
856 1025 1013 1102 cogatque
1035 1019 1160 1082 morari.

291 1143 385 1204 saepe
407 1119 529 1204 premit
551 1120 659 1184 fauces
681 1121 806 1204 magnis
830 1127 978 1185 extructa
999 1121 1102 1186 ruinis

290 1224 454 1309 congeries
476 1224 662 1308 clauditque
684 1225 755 1289 uias
777 1225 954 1290 luctamine
977 1226 1018 1290 ab
1040 1227 1107 1290 imo

291 1333 333 1401 et,
356 1325 457 1410 spisso
480 1325 585 1389 ueluti
606 1334 700 1399 tecte,
725 1326 785 1389 sub
805 1327 947 1410 pondere
967 1334 1113 1411 praestat

290 1429 378 1494 haud
402 1429 503 1493 simili
527 1438 666 1514 strepere
690 1430 749 1493 hos
773 1451 876 1506 cursu,
902 1451 976 1494 cum
999 1430 1117 1514 frigida
1139 1430 1244 1495 monti

292 1532 415 1596 desidia
440 1539 490 1595 est
514 1539 649 1616 tutoque
675 1532 751 1596 licet
776 1531 921 1596 desidere
945 1532 1061 1596 uentis.

290 1643 363 1719 post
386 1635 444 1699 ubi
468 1635 657 1712 conticuere,
681 1657 771 1698 mora
795 1633 939 1698 uelocius
962 1641 1097 1717 urgent:

290 1739 419 1822 pellunt
442 1737 582 1822 oppositi
602 1738 702 1802 moles
726 1759 763 1801 ac
786 1737 920 1801 uincula
943 1743 1109 1820 rumpunt,
1352 1736 1415 1814 380

292 1841 447 1926 quicquid
472 1842 507 1905 in
532 1843 698 1926 obliquum
725 1849 782 1917 est,
811 1842 967 1926 frangunt
992 1841 1064 1915 iter,
1090 1837 1191 1904 acrior
1216 1839 1284 1904 ictu

292 1944 435 2028 impetus
458 1944 609 2022 exoritur,
633 1945 759 2030 magnis
783 1953 917 2030 operata
940 1944 1061 2028 rapinis

291 2046 425 2111 flamma
448 2047 548 2110 micat
571 2047 717 2132 latosque
742 2069 840 2112 ruens
865 2047 1011 2112 exundat
1035 2045 1070 2111 in
1093 2067 1205 2132 agros3

293 2148 321 2211 si
341 2157 466 2212 cessata
488 2148 545 2212 diu
566 2149 711 2213 referunt
733 2149 917 2233 spectacula
939 2148 1039 2214 uenti.

293 2271 380 2313 nunc
405 2245 562 2333 superant
586 2272 808 2335 quaecumque
832 2251 940 2335 rigant
964 2250 1114 2315 incendia
1137 2249 1258 2329 siluae3
1352 2253 1411 2330 385

294 2371 376 2434 quae
400 2350 542 2414 flammis
566 2351 721 2417 alimenta
745 2353 870 2429 uocant,
897 2352 984 2438 quod
1008 2353 1132 2417 nutriet
1155 2352 1270 2430 Aetna,

293 2451 422 2516 incendi
443 2459 617 2536 poterunt:
645 2454 709 2517 illis
733 2454 907 2518 uernacula
931 2455 1035 2518 causis

294 2557 432 2620 materia
456 2556 702 2643 adpositumque
726 2559 793 2644 igni
817 2581 920 2644 genus
944 2560 1025 2623 utile
1049 2564 1192 2622 terraest.

296 2659 401 2722 uritur
424 2658 552 2724 assidue
575 2661 696 2726 calidus
719 2684 806 2727 nunc
830 2663 993 2748 sulphuris
1016 2663 1141 2737 humor,
1226 2738 1232 2748 p

297 2784 383 2826 nunc
407 2762 528 2848 spissus
553 2764 662 2829 crebro
686 2767 861 2850 praebetur
884 2766 1027 2831 alumine
1051 2786 1154 2842 sucus,

297 2867 416 2952 pingue
442 2868 592 2933 bitumen
616 2870 707 2935 adest
732 2879 765 2935 et
789 2870 944 2955 quicquid
966 2870 1146 2941 comminus
1169 2866 1250 2933 acris

296 2972 401 3037 irritat
425 2972 592 3037 flammas:
616 2974 703 3038 illius
728 2975 866 3059 corporis
889 2974 1000 3039 Aetna
1023 2983 1083 3039 est.

296 3082 394 3159 atque
416 3076 501 3139 hanc
524 3076 694 3141 materiam
718 3078 849 3162 penitus
872 3076 1056 3154 discurrere,
1080 3076 1186 3140 fontes

297 3180 437 3245 infectae
460 3190 658 3265 rumpuntur
682 3204 784 3267 aquae
807 3182 915 3247 radice
938 3183 998 3247 sub
1021 3182 1100 3266 ipsa.

294 3304 368 3367 pars
393 3282 493 3346 oculis
517 3284 688 3349 manifesta
711 3284 795 3349 iacet
819 3307 901 3369 quae
925 3286 1038 3348 robore
1061 3282 1142 3345 dura
1166 3287 1215 3343 est
1352 3288 1411 3357 395

295 3408 332 3449 ac
355 3383 457 3468 lapis:
487 3382 521 3447 in
544 3385 660 3469 pingui
682 3386 810 3451 feruent
834 3386 984 3450 incendia
1006 3406 1088 3448 suco.

297 3484 377 3570 quin
401 3487 503 3550 etiam
526 3488 616 3553 uarie
640 3490 801 3574 quaedam
825 3490 893 3555 sine
917 3488 1061 3554 alumine
1086 3507 1164 3551 saxa

294 3595 365 3653 toto
392 3597 504 3653 monte
527 3590 673 3675 liquant:
703 3594 766 3658 illis
789 3594 936 3659 custodia
958 3592 1108 3657 flammae

211 3737 319 3800 Autct.
352 3741 487 3808 Haudpr.
586 3748 634 3798 370
651 3746 748 3797 diuinis
760 3751 848 3799 Aldus.
883 3749 1048 3802 diuitiisco.
1099 3743 1223 3799 temSS'.
1260 3744 1414 3811 ieme-pet.

211 3818 360 3876 wsestass.
428 3819 622 3880 superasse
655 3838 775 3885 paruoo.
841 3827 889 3877 377
906 3825 1064 3887 operosos.
1098 3825 1227 3888 opereat.
1260 3819 1415 3886 opertus.

161 3970 162 3977 ἵ
211 3894 254 3943 373
277 3908 343 3955 quae
365 3896 471 3956 rumpat
493 3894 542 3944 iter
564 3915 582 3948 o
601 3898 724 3960 Scaliger.
773 3904 900 3962 quaerunt
923 3903 1020 3966 pariter
1041 3922 1068 3953 ω.
1200 3901 1248 3987 374
1275 3900 1341 3961 sepe
1362 3915 1413 3961 “t-

211 4007 254 4057 375
270 3971 402 4057 luctaindi
413 4023 439 4056 α.
505 4010 553 4061 376
570 4008 653 4072 spisso
664 4014 752 4062 Jacob.
786 4012 865 4063 scisso
882 4032 934 4065 co.
1002 4018 1049 4067 377
1066 4013 1147 4063 simili
1158 4014 1269 4074 strepere
1279 4012 1327 4060 hos
1339 4023 1416 4058 cursu

212 4087 262 4135 Ed.
312 4086 409 4135 similis
420 4088 522 4137 teneros
533 4102 612 4137 cursu
622 4107 648 4139 c.
699 4089 793 4141 similis
804 4094 906 4144 teneros
919 4109 964 4143 cur
975 4109 1002 4143 se
1018 4093 1066 4159 γδ.
1117 4092 1174 4142 sitis
1185 4095 1288 4142 teneros
1300 4104 1346 4137 cur
1356 4103 1384 4136 se
1395 4105 1415 4136 ε.

161 4230 162 4243 ἵ
212 4165 256 4213 378
272 4164 388 4215 desidere
408 4164 495 4213 uentis
514 4166 602 4215 Jacob.
653 4166 782 4219 discedere
799 4172 891 4219 uentos
905 4172 1055 4234 Wernsdors.
1105 4169 1233 4217 discedere
1244 4166 1346 4214 montes
1362 4180 1414 4212 co.

213 4243 256 4292 379
272 4243 420 4292 conticuere
442 4258 511 4308 αγε.
561 4245 683 4293 contuere
705 4244 729 4295 6.
860 4247 908 4295 384
925 4250 1008 4296 cessat
1026 4246 1115 4295 adiuro
1133 4245 1170 4308 (cr
1181 4258 1196 4293 a
1207 4244 1272 4301 iure)
1289 4240 1414 4288 feruntur.

213 4322 255 4369 396
271 4321 425 4383 rigantEd.
459 4322 587 4381 regente.
670 4322 718 4372 386
735 4318 912 4383 ῆαιηωίεζς.
946 4324 1129 4372 flammesco.
1162 4319 1256 4369 uocant
1269 4315 1413 4379 (=uscent)

213 4400 262 4447 Ed.
300 4400 460 4448 uoccntao.
502 4398 728 4459 uacentScola'per.
770 4399 913 4464 quodprt.
953 4398 1084 4460 quidus‘.
1119 4395 1175 4459 quit
1187 4395 1209 4443 6.
1249 4391 1348 4440 nutriet
1358 4392 1414 4439 Ed.

212 4482 370 4532 nutristao.
408 4477 540 4530 aethnico.
638 4482 686 4529 388
702 4482 836 4531 terraeest
850 4481 998 4544 Wernsdorf.
1032 4480 1129 4528 terrent
1146 4494 1199 4527 ce.
1293 4474 1341 4523 390
1358 4486 1414 4534 pre-

213 4557 282 4607 betur
300 4577 324 4610 u„
376 4556 493 4607 alumine
509 4558 599 4606 Jacob.
647 4557 755 4607 nurnine
774 4556 824 4608 αδ.
874 4558 973 4606 uimine
990 4556 1045 4616 ξς.
1208 4552 1256 4601 393
1273 4550 1369 4601 aethna
1388 4571 1414 4603 u.

213 4635 257 4684 394
272 4633 590 4698 rumpunturoquaeEd.
624 4630 832 4696 eripianturatq3
851 4651 877 4684 o.
911 4632 1053 4694 eripiantur
1069 4629 1168 4692 eque&
1251 4631 1300 4680 396
1316 4629 1346 4679 in
1362 4648 1413 4683 cc.

215 4712 335 4763 atracou
470 4712 517 4762 397
536 4706 651 4759 alumine
661 4710 716 4758 Ed.
782 4710 889 4761 numine
904 4709 952 4760 αδ.
1018 4708 1175 4773 nominey«.
1243 4708 1343 4759 uimine
1359 4710 1413 4769 15².
